2542 4702
537 358 540 365 '
623 348 688 413 luo

144 518 481 585 Romano-Catholicis
509 520 632 597 amant,
660 496 838 601 ¹puniantur,
868 517 994 609 amplius
1026 521 1076 593 ut,
1114 514 1169 599 qui-

145 624 252 687 morbo
288 623 438 704 correpti,
472 621 688 703 Presbyterum
722 620 1076 683 Rommo-Cutbolicum
1105 638 1167 683 non

146 723 376 800 mcessivcrint,
404 722 635 787 exheredatione
664 728 696 784 et
716 724 865 805 bonorum¹
880 721 1080 801 publicatione
1100 720 1167 800 ple-

147 830 284 900 ctantnr3
305 825 444 905 denique,
465 832 499 885 ut
518 825 691 906 Apoatatae,
713 820 758 907 (id
779 831 827 885 cst
846 824 994 897 homiues,
1015 822 1066 901 qul
1082 826 1166 902 post-

149 944 239 1005 quam
259 946 278 987 a
298 927 445 1007 religione
466 926 635 1006 evangelica
649 926 689 987 ad
716 923 1046 985 Rommrocatbolicam
1068 922 1170 989 desei.

150 1018 281 1105 meent,
313 1048 455 1089 successu
486 1026 629 1108 temporis
651 1028 689 1087 ad
709 1027 811 1105 priora
831 1046 916 1087 sacra
936 1020 1105 1108 redierunt)
1127 1044 1167 1087 ex

104 1160 109 1208 ε,
153 1130 284 1211 oppidis,
304 1130 446 1191 infamiae
466 1130 534 1191 labe
556 1128 708 1208 adspersi,
729 1127 887 1207 pellantur.
964 1170 968 1175 ·

233 1231 324 1293 Brevi
343 1238 430 1313 post,
450 1250 528 1291 anno
548 1230 687 1292 uidelicet
707 1228 808 1306 luce,
839 1226 964 1293 &aaut
991 1228 1166 1312 Poloolfoy,

104 1340 110 1379 t
156 1304 286 1393 iuratus!
300 1331 429 1412 Capituli
460 1332 666 1411 Scepusiensis
695 1332 850 1408 Notarius,
875 1333 999 1407 „nomina
1027 1331 1171 1412 Capituli,

158 1426 320 1517 Principem
340 1433 543 1495 Lubomirium
565 1434 785 1511 obtestabatur,
812 1439 846 1496 ut
865 1434 992 1514 liberum
1012 1452 1166 1505 sacrorum

104 1523 109 1566 '¹
156 1530 201 1612 lm
227 1537 417 1617 Augustanoe
446 1536 639 1597 Confessioni
676 1536 812 1597 Addietls
840 1554 1016 1599 concessum
1046 1555 1168 1617 prorsus

157 1636 289 1714 tolleret,
310 1637 359 1699 val
380 1639 407 1698 si
427 1638 459 1697 id
479 1636 581 1698 facere
602 1642 800 1713 cunctaretur,
821 1637 973 1699 minimum
991 1636 1167 1701 Praedican·

153 1738 203 1799 tea
221 1745 354 1815 vetaret,
374 1739 485 1801 tinibus
506 1739 673 1799 demandati
694 1739 825 1799 muneris
844 1738 1008 1815 excedere,
1028 1744 1118 1819 atquc
1134 1741 1168 1803 iu

142 1832 278 1921 oppidis
299 1846 389 1901 noctu
410 1840 527 1921 diuque·
540 1840 663 1900 versari.
706 1840 768 1900 Sed
787 1840 932 1901 humanus
953 1839 1095 1922 Princeps
1117 1841 1168 1903 die

129 1932 204 2001 20.
211 1942 285 2003 Nor.
293 1942 377 2002 1698
387 1942 560 2021 rescripsit:
581 1942 727 2017 „liberum
736 1941 888 2021 religionis
905 1943 1086 2019 exercitium,
1101 1948 1167 2005 tan-

118 2050 237 2115 quam
244 2042 353 2103 malum
365 2042 575 2117 necessarimm,
592 2042 864 2115 tolerandumesse,
880 2061 980 2122 neque
997 2045 1167 2120 convenire,

109 2146 190 2203 ut
206 2145 324 2225 populi,
346 2146 442 2205 coacti
462 2146 500 2205 ad
520 2145 612 2205 tidem
633 2144 978 2206 Romano-Catholicam
993 2146 1167 2207 accedant.“

104 2226 321 2307 Decurrit
340 2253 517 2325 praetereo,
545 2265 581 2307 se
600 2247 632 2307 in
653 2266 742 2307 causa
759 2245 912 2326 religionis
928 2248 1026 2308 omnia
1040 2247 1169 2311 violenta

104 2330 232 2411 t'fluctu
251 2353 336 2409 tanto
356 2350 450 2428 magis
471 2348 654 2429 improbare,
674 2348 781 2428 „quod
806 2347 883 2411 adsit
904 2348 1168 2413 serenissimorum

104 2428 285 2531 Regum,
316 2450 395 2529 cirea
423 2450 646 2511 indemnitatem
666 2450 812 2513 libertatis
832 2451 950 2512 illorum
969 2471 1024 2531 per
1045 2451 1169 2537 lfrivile-

104 2548 205 2617 si·
223 2553 408 2613 concessio.“
459 2553 586 2613 Omnino
608 2559 716 2628 autem,
739 2571 798 2632 quo
816 2555 938 2633 propius
958 2553 1021 2616 leto
1042 2555 1170 2619 accessit

104 2630 357 2729 Lubomirati,
378 2673 416 2715 eo
436 2652 542 2715 fortius
567 2655 788 2734 impudentibus
811 2653 893 2715 Cleri
913 2655 1168 2718 sollicitationibus

104 2752 275 2817 testitit.
319 2756 418 2833 Quum
438 2756 517 2816 enim
539 2756 720 2835 accepisset,
747 2755 891 2817 Joauncm
910 2756 1017 2837 Sigray
1038 2757 1170 2838 Praepo-

111 2854 247 2917 titum
268 2857 407 2937 Scepusii
428 2862 459 2917 et
479 2856 661 2936 Episcopum
675 2856 867 2919 Tinniensem
884 2858 1036 2920 consilium
1052 2860 1171 2939 cepisse

127 2947 475 3033 dehonestantibus,
504 2960 531 3019 si
561 2959 640 3038 quod
668 2958 829 3019 Tredecim
849 2959 1034 3041 oppidorum
1054 2960 1171 3041 ingredi

128 3058 280 3136 vetent,
301 3081 358 3140 ope
378 3060 500 3121 miiitiae
522 3059 704 3133 Caesareae,
739 3081 777 3121 en
797 3062 913 3122 insidiis
934 3062 1102 3142 capiendis,
1132 3062 1169 3123 li-

150 3160 228 3225 tots
259 3162 299 3224 ad
326 3162 564 3223 Gubernatorem
596 3162 832 3239 tribuniensem,
864 3164 895 3223 d.
921 3164 951 3225 8.
964 3164 1064 3245 'Sept
1086 3164 1176 3229 lucu·

157 3260 251 3340 datia,
270 3268 306 3324 ut
326 3269 431 3325 cauma
445 3265 669 3343 protervitatem
689 3264 802 3327 hancce
823 3265 986 3329 solenniter
1002 3266 1171 3331 intercede·

162 3374 205 3427 rot
224 3362 468 3450 (protesuremr)
490 3367 692 3441 demandavit,
720 3367 874 3446 iuquiens:
901 3366 964 3457 „ln
980 3388 1018 3431 eo
1037 3372 1172 3435 versatur

162 3464 252 3535 bonor
272 3488 374 3542 meus,
395 3467 423 3527 sl
444 3466 610 3546 spirituales
633 3474 773 3529 exercent
793 3468 941 3548 ejusmodi
954 3470 1119 3550 violentias,
1139 3475 1174 3539 iu

160 3568 243 3639 bunio
271 3570 365 3645 meis,
396 3569 461 3629 siue
478 3569 570 3650 justis
591 3570 752 3631 rationibus
774 3576 807 3631 et
825 3586 973 3633 consensu
991 3562 1090 3635 meo.“
1130 3575 1174 3637 ut

158 3690 228 3733 curn
249 3670 507 3750 idemllpiscopus
528 3689 589 3731 uon
609 3679 741 3733 cassaret
761 3673 856 3733 minas
873 3677 904 3734 et
924 3673 1047 3737 caedem
1067 3674 1173 3737 adam-

154 3792 210 3836 sus
243 3772 415 3835 Sectatores
452 3770 579 3833 Lutheri
615 3774 646 3832 iu
681 3772 840 3837 Tredecim
877 3773 1003 3855 Oppidia
1046 3777 1172 3858 spirare,

155 3891 337 3952 omnemque
359 3892 459 3933 curam
481 3892 518 3934 eo
541 3878 732 3948 convertere,
761 3880 794 3934 ut
813 3874 942 3937 afflictos
965 3876 1173 3958 Euangeliou,

147 3976 239 4039 omni
265 3992 389 4055 prorem
410 3994 561 4037 sacrorum
576 3974 647 4055 jure
673 3976 820 4055 privaret:
854 3974 1042 4053 Lnbomiraki
1068 3979 1100 4040 d.
1121 3980 1172 4043 18.
