2544 4694
644 344 709 409 tte

170 518 373 583 consentiente
393 515 525 599 Georgio
545 515 677 593 Thur-ro,
702 512 801 596 Regni
820 513 1017 595 {iungar-iae
1039 509 1163 591 Pro-liet

169 619 282 685 Vaniii
297 618 449 699 flynodus,
466 617 606 679 vicesima
623 617 753 679 aecunda
769 624 800 678 et
814 615 1067 696 insequentibus
1078 612 1163 675 Jenu

169 720 274 783 diebus
283 740 329 781 ιιι.
343 719 435 793 1614,
445 716 661 797 Christcpboro
670 716 793 777 'lirum
803 712 950 800 (Palatini
966 715 1097 790 Fratre,
1107 714 1163 775 Gon

170 828 282 884 nuum
300 820 505 900 Scepnaleusis
523 825 554 893 et
573 818 771 879 Scrosaiensls
786 814 940 897 Supremo
958 813 1105 899 Comite)
1115 814 1163 877 i’n

170 924 237 985 side
258 922 470 995 celebrabatur,
492 919 610 1001 legendi
626 921 813 1001 potissimum
823 918 1163 1011 superintendentiae!

170 1025 222 1100 tir,
242 1026 293 1105 qui
313 1028 425 1104 egeret,
446 1028 480 1083 ut
500 1022 633 1083 doctrina
652 1021 807 1101 Evangelii
826 1041 914 1101 pura,
945 1019 1163 1082 secnndanb

169 1130 323 1207 gustem
353 1122 579 1185 contessionem
609 1123 782 1183 lnvariatem
812 1129 844 1183 et
864 1120 1071 1185 Concordioe
1092 1120 1163 1183 ion

170 1226 230 1287 lun
250 1232 438 1299 aemretur,
467 1225 576 1303 quique
596 1223 727 1284 moribus
754 1227 785 1283 et
814 1222 892 1284 vitae
913 1221 957 1285 V·
982 1222 1024 1287 lc
1047 1222 1163 1285 Min'ur

170 1347 237 1389 runa
256 1327 433 1407 inspiceret,
462 1324 640 1387 Candidatus
662 1324 823 1385 Ministerii
842 1325 1021 1400 ordinaret,
1045 1322 1163 1385 Paatcra

172 1435 203 1490 et
222 1427 451 1501 Perocbiarum,
484 1424 658 1487 scholaram
679 1432 710 1487 et
731 1424 890 1486 Reditunm
923 1445 1040 1489 curam
1072 1446 1163 1508 gesur

171 1528 456 1593 verumenimvero
484 1525 668 1607 praecluum
687 1526 783 1589 bocce
803 1526 964 1588 consilium
990 1529 1026 1589 iu
1060 1526 1163 1611 regui

171 1631 307 1692 coetibus
326 1646 488 1707 eorumque
507 1627 667 1707 preelectis
687 1628 794 1689 barum
818 1629 969 1708 portium,
1003 1626 1128 1691 bonurn
1151 1648 1163 1691 ι

172 1730 271 1793 dinem
290 1728 498 1791 introducendi
519 1734 550 1789 et
570 1728 709 1803 tenendi,
730 1727 906 1809 capitaneus
929 1736 965 1791 et
988 1727 1163 1813 Vico-Gap

86 1874 91 1883 ·
172 1838 276 1893 tanem
297 1829 457 1891 Tredecim
477 1828 659 1909 0ppidorurn
680 1828 919 1908 Scepusleuaium
956 1849 995 1891 eo
1033 1830 1163 1895 elnam

173 1932 252 2013 quod
272 1930 316 1992 Μ.
339 1929 490 2010 Stepbsno
511 1928 661 2008 Xyiandro
694 1930 726 1991 in
758 1916 1077 2010 superintendentem
1097 1932 1163 1995 uod

173 2034 284 2093 siuurn
305 2031 525 2111 Oppidunsrum
545 2035 577 2091 et
596 2030 777 2110 Pagmarum
792 2028 958 2093 Comitatus
981 2032 1163 2115 Seepuaiua

174 2138 206 2194 et
226 2132 423 2194 Seressieasis
445 2132 559 2207 electo,
590 2138 767 2212 potestatem
787 2132 970 2212 provinciam
992 2134 1163 2249 Superinta

174 2234 271 2295 dentis
291 2233 513 2295 administrandi
533 2235 725 2313 pertinaciter
746 2234 928 2314 negaverint.

261 2334 391 2397 Ordines
425 2354 530 2396 sacros
568 2336 769 2415 suscipiebant
809 2335 970 2398 Tredeciur
1007 2280 1163 2423 Oppidora

173 2436 312 2497 Pastorea
351 2456 511 2516 eorumque
546 2436 744 2498 Diaconi-
779 2438 885 2518 quibus
913 2441 1011 2519 pauci
1047 2445 1163 2506 carebo

175 2537 305 2599 nonnulli
324 2556 405 2612 vero,
427 2538 604 2613 duorum,
594 2537 928 2615 rmo,nt01asseasis,
959 2542 1064 2604 trium
1087 2564 1163 2627 quoq

175 2658 266 2719 opera
294 2639 335 2719 ita
360 2637 605 2714 sublevabantur,
633 2640 696 2700 ut
687 2641 724 2701 ris
745 2654 788 2700 ex
800 2640 948 2702 fructibus
969 2640 1156 2709 decime

173 2741 283 2820 pendis
304 2741 526 2820 suppeditarent
554 2773 597 2786 -
628 2742 834 2821 eprimordiis
861 2743 908 2803 rei
927 2742 1144 2827 Evangelicec

175 2840 320 2919 Scepusio
340 2860 435 2919 usque
456 2840 525 2901 dum
546 2841 641 2902 solum
660 2849 779 2903 vertere
801 2848 993 2923 cogerentur,
1021 2868 1106 2930 mox¹
1119 2848 1163 2913 Vi

174 2942 296 3021 betgue,
323 2961 391 3001 mox
422 2940 530 3023 Brigae
559 2939 635 3025 (nbi
663 2949 762 3005 tannen
793 2945 865 3005 nulii
885 2952 971 3006 erant
995 2947 1163 3031 Superintc

117 3116 121 3123 ⁵
175 3042 291 3116 dentes,
312 3043 366 3103 sed
387 3043 483 3103 solnm
503 3042 641 3104 Pastorea
662 3048 694 3104 et
716 3042 864 3127 Diaccni),
884 3066 953 3106 mox
972 3048 1013 3110 in
1036 3050 1109 3125 aliis
1128 3053 1163 3115 ln

144 3168 149 3173 ·
175 3144 302 3218 exteris,
331 3144 362 3205 in
392 3145 458 3224 ipso
479 3144 608 3224 denique
634 3163 729 3224 regno
744 3146 920 3226 ‚Hungariae
942 3152 1086 3230 nonime
1104 3154 1163 3217 ιε

174 3243 448 3322 perintendentibns
470 3244 605 3324 Quinque
632 3243 806 3307 Liberorum
834 3226 1073 3332 Regummque'
1093 3255 1163 3317 clvii

174 3349 246 3420 tum,
268 3345 436 3424 Superioris
457 3345 741 3425 Hungariee.-1n
763 3349 931 3413 universum
953 3352 993 3411 eb
1019 3374 1104 3419 anno
1120 3356 1163 3421 lb!

175 3476 218 3491 -·
239 3446 348 3520 1610„
362 3445 425 3507 241
454 3446 503 3511 vei
530 3447 604 3506 ndeo
633 3446 698 3508 249
728 3446 863 3528 Hungari
890 3450 921 3511 in
942 3471 1063 3519 munus
1084 3479 1163 3523 aar

176 3544 358 3626 Vitebergce
378 3548 542 3627 inaugurati
562 3547 693 3608 iuenmt.

257 3646 440 3712 Fraternitas
461 3648 574 3729 Viginti
595 3650 728 3728 Quetnor
747 3650 921 3732 liegslium,
952 3657 980 3717 si
1006 3673 1163 3744 argenteo

92 3778 98 3786 ·
176 3750 322 3833 scyphum
353 3757 384 3813 et
404 3750 461 3813 trio
489 3751 610 3832 sigillo,
642 3772 765 3832 qnorum
797 3773 885 3815 unum
914 3768 1105 3836 argenteum
1128 3787 1163 3829 en

131 3883 133 3888 ·
176 3855 327 3935 excipias,
356 3853 467 3923 nulium
493 3852 621 3915 habehat
641 3856 820 3935 peculiarem
842 3857 1037 3923 tbeslmmm}
1083 3869 1163 3929 Ado

176 3956 286 4016 narium
305 3954 510 4017 Fraternitetis
532 3960 645 4017 tantum
666 3955 860 4020 conterebant
879 3957 1033 4040 Fratres,
1064 3977 1163 4049 quanti
