2544 4694
91 1029 275 1126 Principem
302 1044 382 1106 inter
411 1004 526 1106 omnes¹
542 1043 703 1126 religiones
731 1045 831 1108 locum
854 1047 926 1129 jure
945 1050 1114 1130 meritoque
1135 1122 1136 1126 Ἰ

92 1145 151 1210 sui
171 1149 301 1207 vindicat
321 1146 455 1226 magistri
484 1165 556 1207 vere
585 1147 693 1224 divini,
715 1144 794 1212 ..lesu
823 1148 952 1226 Christi,
981 1168 1039 1230 quo
1060 1169 1115 1232 pa·
1156 1168 1158 1173 ·

94 1253 143 1310 ter
165 1250 303 1310 coelestis
323 1248 594 1328 genushumanum
613 1255 683 1310 aute
701 1249 801 1311 hosce¹
817 1251 1002 1335 octingentos
1025 1262 1115 1334 supra
1226 1315 1230 1339 Ι

94 1350 175 1413 mille
203 1369 294 1411 annos
323 1355 547 1426 muneraverit,
577 1351 713 1412 sublimis
741 1351 919 1433 excelsaque
948 1354 1114 1435 disciplina.
1163 1368 1166 1373 ’

93 1454 149 1516 lisa
170 1432 309 1514 euimad
324 1452 460 1513 'veritatis
490 1453 688 1532 cognitionem
704 1454 865 1535 juvandam
888 1455 1055 1538 utilissima,
1077 1456 1114 1516 ad

92 1557 208 1618 virtutis
231 1554 363 1615 studium
384 1552 548 1615 acuendum
569 1556 742 1636 aptissima,
772 1557 810 1617 ad
837 1557 914 1618 vitae
943 1558 1116 1620 beatitatem

93 1656 529 1740 parandamcommodissima,
558 1658 596 1718 ad
617 1657 720 1721 solatia
740 1659 771 1719 iu
799 1658 931 1720 adversis
953 1659 1116 1721 adferenda

95 1759 318 1834 efficacissima,
345 1759 384 1819 ad
403 1759 540 1820 homines
562 1779 681 1836 amora,
708 1756 770 1821 fide
792 1765 824 1821 et
844 1748 987 1841 obsequio
1010 1780 1116 1824 conso·

95 1862 216 1924 ciandos
229 1854 469 1940 oportunissima,
492 1862 524 1918 et
543 1859 614 1918 hinc
636 1856 808 1938 indigentiis
829 1852 1117 1942 necessitatibusque

95 1966 242 2028 humanae
262 1965 386 2021 naturae
407 1959 528 2019 ssuunni
551 1964 582 2020 et
602 1960 783 2039 gravissimis
804 1962 1116 2024 accommodatissima.

96 2067 197 2144 Quare
229 2080 297 2124 cum
327 2080 397 2122 sese
424 2065 471 2121 tot
497 2060 657 2123 virtutibus
686 2061 890 2138 commendet,
916 2063 1117 2125 necessarium

95 2166 164 2241 fuit,
184 2172 218 2224 ut
237 2168 270 2224 'et
291 2169 360 2225 ante
374 2161 586 2240 Magyarorum
606 2162 638 2221 in
659 2172 793 2242 regnum,
820 2164 900 2243 quod
920 2165 1117 2227 inhabitamus

98 2267 273 2339 adventum,
295 2281 364 2324 sese
385 2263 417 2322 in
437 2264 563 2341 patriam
585 2269 717 2323 nostram
738 2264 916 2340 insinuaret,
944 2272 975 2326 et
996 2268 1033 2327 ab
1054 2262 1119 2329 Uu-

96 2368 176 2450 garis
199 2366 273 2446 ipsis
295 2364 406 2425 sensim
421 2363 617 2444 reciperetur.
640 2364 785 2441 Quoniam
800 2370 899 2426 taumu
914 2356 1020 2447 religio
1031 2362 1117 2444 h'aec,

96 2477 234 2551 te'mpore
262 2465 464 2548 procedente,
500 2462 620 2529 humani
648 2467 759 2546 ingenii
790 2469 962 2546 commentis
989 2468 1118 2546 foedata,

98 2578 183 2634 suam
201 2569 385 2651 praeclaram
406 2565 546 2642 indolem,
568 2567 687 2648 vimque
704 2569 880 2645 beneficam,
903 2589 960 2650 qua
980 2564 1117 2651 primitus
1172 2589 1187 2605 ²

99 2674 280 2747 excellebat,
312 2671 467 2731 amiserat:
499 2671 614 2746 evenit,
648 2676 683 2731 ut
709 2671 856 2731 Martinus
888 2670 1058 2748 Lutherus,
1087 2675 1119 2735 iu

98 2775 259 2840 Academia
279 2772 533 2851 Wittenbergeusi
555 2768 737 2852 Theologiae
759 2773 880 2849 Ductor,
901 2773 1008 2853 placita
1028 2794 1118 2856 prae·

100 2884 247 2962 captaque
268 2875 358 2949 Jesu,
380 2894 398 2934 a
419 2872 547 2952 Papatus
569 2874 816 2953 institutionibus,
839 2880 927 2953 atque
944 2877 1027 2936 vanis
1049 2860 1120 2937 cou-

99 2979 268 3041 lietionilrua
286 2977 432 3049 liberata,
462 2975 556 3034 altero
586 2974 677 3035 seculi
709 2973 791 3038 xvi.
821 2975 965 3037 decennio
993 2983 1120 3041 exeunte

101 3083 216 3160 integra
237 3080 302 3140 orbi
324 3078 501 3164 restituens,
530 3077 562 3137 in
589 3076 694 3156 Regno
722 3074 893 3157 Hungariae
920 3097 1037 3159 quoque
1058 3079 1120 3142 ma-

103 3189 170 3246 ture
190 3200 249 3241 nou
269 3198 381 3261 paucos
402 3178 552 3253 fautores,
582 3179 691 3239 amicos
721 3178 941 3260 discipulosque
962 3181 1120 3244 obtineret.

188 3281 253 3342 Nec
273 3262 388 3341 mirum.
442 3279 518 3339 Nam
540 3284 570 3339 et
591 3279 760 3341 intellectus
784 3279 911 3341 hominis
933 3287 1038 3344 natura
1057 3292 1122 3365 ma·

102 3386 149 3466 gis
169 3381 289 3449 veritati
315 3381 503 3461 probandae,
533 3398 621 3460 quam
648 3381 745 3440 errori
773 3378 902 3442 tenendo
922 3385 1044 3463 pervius
1065 3391 1122 3461 est,
1245 3376 1247 3383 ⁸

102 3492 136 3550 et
164 3485 299 3547 voluutas
332 3483 432 3562 potius
465 3483 504 3543 ad
539 3483 721 3562 sequendum
749 3490 865 3544 rectum
894 3483 1122 3567 honestumque,
1196 3552 1198 3556 ,

103 3586 252 3670 quemad
272 3602 396 3665 pravum
414 3583 651 3664 amplectendum
662 3588 755 3662 ¹atquc
772 3583 933 3645 fovendum
949 3590 1121 3667 composita.

104 3691 306 3752 Accesserunt
328 3685 516 3763 ceteroquin,
547 3683 649 3764 plures
672 3703 777 3746 causae
799 3684 896 3761 allae,
914 3705 991 3765 quae
1013 3687 1122 3751 doctri-
1207 3741 1210 3745 ,

104 3810 162 3852 nae
184 3786 376 3861 emendatae,
405 3787 513 3866 partim
533 3787 609 3847 viam
630 3784 851 3866 patefecerunt,
881 3790 990 3868 partim
1011 3789 1123 3852 laetum

106 3894 173 3975 ejus
194 3906 386 3973 progressum
408 3895 440 3949 et
460 3888 674 3948 incrementum
694 3887 860 3969 juverunt‘
900 3888 966 3950 Jam
986 3890 1123 3959 nimirum
1161 3903 1166 3914 ·

106 3978 325 4057 adosumnis
343 3989 466 4067 Hussii,
493 3990 621 4071 arb-ejus
642 3992 837 4052 sectatoribus
858 4010 917 4071 per
937 3994 1123 4073 superiorem

874 4087 923 4151 μ
