2544 4694
597 376 793 473 Q„

187 546 348 609 Tredcciru
369 544 600 625 oppidanorum,
621 543 783 605 Theodoro
801 544 1007 606 Constautino
1030 544 1193 609 Lubomirdi

188 650 320 721 uiuente,
340 648 371 707 in
393 648 562 707 uuirernun
583 646 779 707 miserandam
808 652 892 707 certe
911 646 1031 708 fuisse.
1082 646 1192 711 Geton

187 752 220 811 ln
240 769 278 811 eo
297 748 438 811 fortunati
457 749 545 810 fuere
566 748 740 823 Nostrates,
761 748 886 829 imperio
906 748 1074 830 Principis
1094 752 1193 826 obnori,
1215 750 1231 801 ἰ

190 852 269 933 quod
290 852 421 931 quamuis
441 850 492 911 bic
513 850 621 925 multa,
642 870 720 931 quiae
740 850 928 931 Euangelicis
953 850 1045 913 solra
1069 854 1192 917 cour&
1219 835 1222 844 Ι

189 954 233 1015 tia
253 952 339 1033 sequi
358 950 442 1013 nefas
468 951 546 1029 fnit,
577 953 739 1013 iristitucrit
766 953 968 1033 scirentque,
998 964 1191 1035 nmqumu

189 1073 276 1129 men,
304 1060 339 1115 ut
362 1060 525 1136 praecepta
553 1074 606 1116 sua
634 1055 794 1135 diligenter
820 1060 985 1133 curentur,
1022 1058 1191 1139 perunte
1244 1088 1247 1094 ·

190 1156 308 1218 urserit.

596 1357 797 1369 *αι--

276 1563 445 1629 Deterrimo
466 1562 532 1623 loco
551 1561 668 1643 positae
690 1568 774 1623 eraut
793 1580 844 1623 res
864 1561 1130 1643 Evangelleornm
1146 1566 1191 1631 'ln

191 1668 290 1731 decim
311 1666 552 1747 oppidanorum,
580 1664 650 1725 dnm
673 1662 776 1724 lilerio
805 1664 954 1747 Joacplru,
983 1668 1142 1753 princeps
1230 1683 1244 1758 ζ,
1269 1720 1271 1737 ,

194 1770 319 1844 strlaca,
340 1767 481 1828 Polonire
501 1765 633 1847 lieglna,
655 1764 864 1849 Capitaneatus
884 1764 1090 1847 oppidorum
1269 1816 1271 1840 .

193 1872 354 1945 siensium,
377 1870 525 1929 exstincto
545 1870 638 1949 stirpe
658 1867 916 1945 Lubomirslriana,
935 1890 999 1950 per
1022 1870 1191 1955 Regmh
1232 1861 1236 1870 ’
1269 1912 1271 1951 :

190 1972 287 2033 loniac
308 1973 337 2033 ei
358 1970 473 2045 collati,
494 1970 693 2049 gubernacula
714 1990 790 2031 anno
812 1968 895 2031 1745
916 1983 1120 2051 capesseret.

191 2074 271 2135 enim
292 2073 331 2133 ad
348 2072 564 2152 Magistratum,
588 2073 718 2152 quamvis
738 2072 856 2152 Oppida
875 2074 1088 2152 paucissimos
1110 2078 1139 2141 al
1234 2057 1244 2098 '¹

191 2174 380 2249 Grtlrolieos,
412 2173 583 2252 Erarrgelici
615 2174 781 2251 aegerrime
810 2173 1074 2255 admittebantur,

191 2275 347 2339 Pastorum
366 2275 549 2349 habitationi,
560 2274 763 2335 oratoriorum
775 2281 943 2335 structurae
959 2284 993 2339 et
1006 2280 1098 2343 insta
1214 2279 1228 2342 .’

190 2379 400 2462 impedimenta
420 2376 646 2450 adferebantur,
678 2375 850 2437 Pastoribus
879 2397 972 2456 aegre
1008 2382 1128 2445 decom
1183 2384 1189 2399 '

190 2480 264 2555 bus,
294 2478 505 2553 Carrdidntum,
536 2476 585 2535 vel
605 2476 693 2535 alium
714 2477 873 2537 Sacrorum
891 2477 1100 2562 Antistitem,
1132 2484 1194 2547 saci

190 2580 337 2643 hdundis
357 2579 514 2640 admovere
543 2578 629 2638 nefas
649 2584 740 2653 'erat3
771 2590 891 2657 pastore
919 2589 1025 2645 morte
1061 2581 1195 2656 exstinctu

190 2682 239 2745 vel
258 2683 316 2743 alio
336 2681 496 2755 translato,
517 2699 576 2739 nou
597 2687 661 2740 erat
681 2681 831 2760 integrum
852 2682 916 2741 sine
929 2684 1195 2772 redemtionispn

190 2786 233 2847 tio
254 2785 462 2864 quinquaginta
484 2802 577 2861 usque
598 2790 716 2842 centum
738 2803 910 2859 aureorum,
942 2784 1043 2849 alium
1067 2801 1196 2875 cooptare,

190 2893 379 2967 aegrotorum
407 2886 535 2945 visitatio
563 2890 595 2945 et
616 2890 865 2945 sacramentorum
884 2886 1122 2957 administratio
1142 2892 1196 2957 diii

189 2988 349 3050 cultatibus
365 2988 581 3067 exponebatur3
603 2986 686 3047 Stolo
700 2987 790 3048 nimia
807 2988 842 3047 ab
861 2989 976 3048 actibus
994 2997 1102 3077 sacr-is
1116 3014 1197 3079 puer

189 3092 294 3166 batur3
334 3108 394 3151 nou
414 3088 523 3150 licebat
551 3088 685 3168 publicos
704 3088 893 3167 privatosque
925 3089 1014 3153 alere
1045 3098 1197 3175 scholar·

189 3194 355 3273 magistros,
378 3196 429 3253 aut
443 3191 553 3251 b‘beros
570 3190 608 3251 ad
625 3188 750 3251 Scholas
771 3197 927 3251 extraneas
943 3194 1089 3275 mittere,
1113 3214 1196 3283 spu
1226 3175 1229 3182 ¹

188 3313 390 3375 sponsaeque,
412 3293 506 3353 sicel
526 3292 561 3352 lri
580 3298 720 3372 parentes
742 3292 875 3355 diversae
896 3294 1111 3365 consessionis
1128 3302 1196 3365 bobr

187 3397 277 3472 bant,
307 3394 356 3456 vel
384 3395 443 3475 ipsi
464 3414 523 3455 non
543 3413 631 3455 ruram
653 3394 837 3475 eandemque
857 3394 1020 3461 formulam
1042 3406 1195 3486 sequebar
1221 3375 1224 3384 Ι

187 3504 251 3571 tur,
273 3497 452 3559 matrimonii
472 3498 669 3576 inauguratio,
697 3498 755 3557 uisi
781 3517 865 3557 sacra
884 3496 1025 3563 Romana
1047 3508 1196 3589 amplecte

187 3606 291 3661 rentur
316 3600 496 3679 negabatur,
527 3600 626 3679 proles
658 3601 690 3660 in
719 3600 818 3661 mixtis
847 3594 1049 3667 matrimoniis
1074 3607 1197 3685 natm

187 3702 332 3783 religione
359 3700 682 3762 Romano-catholica
712 3701 833 3761 educari
859 3702 1049 3783 jubebatur,
1091 3708 1197 3793 jnrlrJr

186 3805 272 3866 randi
291 3802 419 3865 formula
439 3803 576 3883 religioni
597 3803 794 3882 Evangelicae
814 3802 957 3879 adversa,
988 3808 1029 3868 ab
1052 3808 1196 3893 Evmgdi

186 3907 231 3969 cis
264 3925 382 3987 qnoque
415 3906 596 3986 exigebatur.
649 3906 712 3967 Sed
738 3906 854 3988 juvabit
883 3911 1061 3974 sententiae
1095 3921 1196 3979 noslm

187 4009 279 4071 tidem
299 4007 475 4071 testimoniis
497 4008 649 4071 historicis
672 4012 875 4090 comprobare.
