2544 4694
468 489 670 505 Μ

62 578 133 652 via3'
156 576 266 658 privati
286 579 386 638 autem
406 573 515 637 callido
543 575 639 655 hocce
658 576 787 647 artificio
806 576 855 639 vel
874 599 893 640 a
910 565 1079 656 «desiderio,

61 680 141 761 regis
162 698 251 759 opem
265 677 446 758 ¹implorandi
468 679 571 739 dimoti
592 678 624 740 et
645 679 781 741 deterriti
801 680 979 744 exstiterint.

14 845 17 855 ,
134 780 262 848 dudiclo
282 779 326 840 illi
346 779 599 855 extraordinario,
626 781 729 843 Budae
757 799 955 859 consensuro,
982 784 1080 864 plinta

62 868 145 962 Sept.
178 883 244 943 dies
283 880 352 941 anni
392 880 477 940 1720
505 879 660 962 adsignata
690 881 758 943 fuit.
823 883 885 944 Sed
916 903 985 947 mox
1015 885 1080 947 dies

35 985 174 1044 baecce
205 981 380 1043 intertium
407 980 563 1042 Februarii
594 982 663 1042 anni
695 981 776 1042 1721
797 991 957 1064 prorogata
982 984 1082 1046 Pesti-
1167 1050 1170 1058 ,

60 1105 203 1165 numque-
226 1085 258 1144 in
294 1083 513 1164 congressionis
542 1083 641 1145 locum
672 1083 730 1145 fuit
758 1087 968 1162 constitutum,
999 1089 1081 1150 unde

60 1206 140 1248 anno
159 1185 327 1265 insequenti
345 1184 506 1246 Posoninm
528 1186 760 1266 commigravit·
783 1185 860 1248 (lum
879 1189 1011 1249 membra
1026 1189 1081 1250 lu·
1207 1266 1210 1271 ⁴

62 1289 135 1349 dicii
154 1287 262 1368 hujus,
292 1288 366 1348 viris
386 1285 541 1348 catholica
569 1294 602 1349 et
621 1287 800 1368 Euangeliou
821 1307 907 1351 sacra
928 1293 1080 1370 sequenti-
1168 1370 1172 1377 ‚

62 1391 119 1450 bus
140 1393 319 1464 constarent,
338 1393 466 1468 utroque
487 1406 524 1449 ex
543 1394 630 1470 parte
650 1387 802 1470 religionis
828 1409 902 1453 snae
922 1392 1102 1455 studiosis--

61 1491 165 1567 simis,
202 1470 318 1551 factum*
344 1495 393 1552 est
421 1495 456 1550 ut
485 1491 563 1552 actio
590 1492 630 1552 ‹le
657 1492 843 1554 restituenda
870 1493 1030 1555 concordia
1048 1494 1109 1554 in.
1227 1518 1230 1528 ·

60 1593 184 1674 longum
205 1592 341 1673 protrahi
361 1592 517 1669 debuerit,
544 1592 614 1654 idco
632 1595 780 1670 maxime,
802 1595 880 1674 quod
902 1594 996 1655 ultera
1016 1595 1082 1675 qui-
1207 1667 1209 1674 Ι

60 1695 130 1755 dnn
150 1712 221 1776 pars
241 1690 335 1756 multa
359 1727 403 1740 -
441 1695 573 1774 quamvis
594 1694 784 1776 legitime-
804 1697 966 1777 poscebat,
987 1696 1081 1757 altera

60 1813 133 1856 vero
161 1796 193 1855 in
220 1795 317 1856 nullos
345 1795 464 1856 favores
492 1797 590 1859 exosis
619 1795 842 1858 Protesantibus
872 1779 1080 1859 conrodendos

62 1896 234 1958 consentire
253 1896 354 1958 vellet.
384 1888 584 1958 'Postulsbnnt
604 1898 715 1978 quippe
726 1898 880 1960 Nostrates
901 1904 971 1960 ante
984 1899 1082 1961 omnia

64 1999 126 2059 140
156 1986 372 2080 Templcmm,
412 1999 450 2059 iis
480 1999 641 2060 novissime
671 1997 876 2075 ademtomm,
918 2000 1080 2061 restitutio-

61 2119 141 2161 nem.
183 2098 300 2160 Deinde
320 2099 522 2180 querebantur
545 2120 581 2162 se
599 2101 631 2160 in
651 2101 749 2162 libero
770 2106 997 2162 sacrorum'usu
1016 2105 1081 2161 tnr-

62 2202 138 2275 bari,
157 2206 313 2282 potestate
327 2201 427 2262 alendi
447 2220 600 2263 sacrorum
619 2202 785 2278 Ministros,
806 2221 968 2282 eorumque
988 2220 1081 2282 opera

63 2301 96 2362 in
114 2302 209 2362 sacris
229 2301 333 2362 utendi
350 2302 479 2382 privari,
517 2302 556 2362 ad
583 2303 791 2385 amplectenda
819 2323 905 2365 sacro
932 2302 1086 2365 Romano-⁴

65 2401 222 2464 catholica
240 2404 271 2463 vi
291 2403 380 2484 adigi,
401 2405 607 2486 auctoritatem
628 2410 661 2466 et
677 2405 915 2486 jurisdictionem
936 2404 1080 2484 Superin·
1188 2407 1192 2414 '
1213 2490 1220 2509 ‚

62 2504 238 2566 tendentum
265 2503 512 2584 Evangeliccrum
540 2507 650 2583 minui,
683 2513 716 2569 et
745 2526 804 2568 non
832 2506 948 2569 tantum
973 2505 1080 2582 civilis,

63 2608 120 2670 sed
139 2612 173 2671 cc
192 2607 271 2668 sacri
291 2605 403 2668 ordinis
423 2607 503 2669 viros
522 2607 648 2670 iudiciis
670 2607 831 2670 Catholicis
852 2607 969 2689 subjici,
984 2606 1080 2669 Scho-

15 2781 16 2784 Ἴ
63 2710 109 2771 las
130 2709 169 2770 ad
190 2707 360 2788 disciplinas
380 2709 511 2771 triuiales
531 2710 682 2791 restringi,
709 2709 896 2791 Evangelicis
917 2711 1080 2772 necessita-

63 2814 126 2875 te'nr
151 2811 264 2891 lmmni
285 2810 462 2871 observandi
484 2811 691 2886 caerimonias,
712 2830 814 2872 eorum
834 2810 972 2890 religioni
1003 2829 1076 2871 con-

65 2911 183 2986 trarias,
203 2913 343 2992 exigique
362 2917 397 2972 ut
416 2913 448 2972 in
464 2912 661 2994 jurejurando
681 2913 807 2975 dicendo
828 2911 921 2994 Virgo
938 2911 1079 3002 Deipora,

66 3011 167 3074 Sancti
183 3018 227 3075 ct
256 3012 357 3074 Electi
378 3013 429 3073 del
451 3032 593 3093 expresse
614 3020 900 3089 commemorentur,
933 3014 1080 3094 peritissi-

28 3140 30 3146 1
66 3132 132 3173 mos
151 3104 231 3174 viros
250 3134 269 3175 a
288 3114 460 3175 muneribus
490 3113 626 3175 ineundis
658 3117 771 3191 arceri,
798 3115 925 3195 Templa
940 3133 1080 3194 ,quornm

65 3214 220 3295 possessio
256 3214 446 3277 Nostratlbus
483 3215 620 3276 Articulo
650 3214 757 3278 XXVI.
789 3214 982 3287 comitiorum
1011 3215 1080 3277 anni
1210 3257 1213 3263 -

67 3315 150 3376 1681
173 3314 301 3376 admissa
329 3315 386 3378 luit
415 3317 527 3378 sensim
548 3323 653 3397 erepta
671 3336 731 3378 ncn
750 3318 889 3394 restitui,
921 3321 1086 3380 extrancos·
1196 3372 1198 3377 .

66 3417 149 3478 aditu
170 3415 370 3493 sacellorum,
401 3418 433 3478 in
454 3418 626 3498 Magnetum
655 3425 687 3480 et
706 3418 855 3480 Nobilium
883 3419 957 3480 aulis
977 3420 1080 3500 probi·

65 3520 142 3594 beri,
162 3519 246 3600 ipsos
267 3518 411 3581 Proceres
427 3519 642 3600 Evangeliccs,
670 3521 699 3582 si
730 3520 809 3582 domi
829 3520 1000 3592 Ministrum
1018 3539 1081 3583 nou

66 3620 189 3695 babent,
230 3619 263 3680 ln
289 3639 336 3695 eo,
364 3627 508 3700 poscente
538 3622 720 3684 necessitate
744 3609 863 3683 aliunde
890 3622 1080 3696 arcessendo,

66 3720 215 3802 impediri.
230 3724 274 3766 -'-
295 3721 401 3781 Clesus
422 3721 471 3783 lris
491 3723 881 3802 querimoniislntercessit,
902 3724 1080 3784 confirmans

66 3823 190 3883 decreta
211 3823 243 3882 in
265 3841 352 3883 caasa
372 3821 524 3902 religionis
544 3823 679 3904 prodita,
712 3842 771 3911 non
791 3843 882 3905 posse
901 3824 1004 3904 legum
1020 3842 1086 3883 ·nu-·

69 3914 152 4002 mera
172 3922 288 3999 baberi,
308 3924 377 4004 quia
397 3923 503 3984 clerus
530 3942 566 3986 se
586 3924 783 4004 pacificationi
804 3922 967 3988 Viennensi
987 3942 1088 4004 cppc-.

70 4025 140 4101 snit,
152 4022 252 4108 Leges
262 4030 361 4099 actm
382 4026 504 4089 serioris
524 4025 597 4088 acri·
610 4027 798 4105 armortnr'ri
810 4025 933 4091 inerunt
948 4029 1088 4087 extortce·
