2544 4694
607 348 670 412 lto

129 522 225 604 April.
245 540 273 583 a.
294 520 376 583 loct
400 521 438 582 ad
466 520 594 581 eandem
615 520 853 583 Gubernatorem
875 522 908 583 in
932 521 1027 586 hunc
1048 522 1151 587 modu

130 624 269 703 deripuit:
291 620 571 697 „llerercndissimo
586 622 713 683 llonrino
733 622 886 703 Episcopo
903 624 1053 705 placebit
1068 622 1151 687 llomi·

130 726 209 785 natio
230 722 338 785 Vestra
358 724 436 783 bona
456 722 629 783 modalitate
657 724 822 799 insinuare,
851 726 936 805 quod
971 726 1107 807 popalus
1129 727 1152 790 la

131 825 291 887 'l'redecim
320 825 446 904 llppidis
478 825 625 899 existens,
656 826 780 886 maxima
801 844 838 886 er
858 834 957 907 parte
980 830 1026 889 sit
1049 827 1152 910 proles·

131 929 223 990 sionis
254 928 460 1006 Auuguratanae,
488 933 521 986 ct
547 926 657 987 lrabeat
685 945 856 988 concessum
883 928 1079 993 libertatem
1097 930 1152 993 rell·

130 1030 225 1111 gionis
248 1049 266 1089 a
286 1029 425 1107 regibus,
458 1046 515 1087 ace
535 1028 630 1107 possit
658 1029 784 1108 privari,
814 1030 881 1091 sine
913 1048 1083 1093 consensu
1106 1034 1151 1095 rrl·

131 1132 282 1211 publicae,
305 1131 342 1190 ab
364 1149 424 1191 usu
441 1130 576 1190 caercitli
597 1130 652 1203 sul,
673 1130 768 1189 donec
792 1131 900 1211 majori
924 1152 970 1193 ex
992 1141 1089 1215 parte
1106 1152 1149 1197 nn

131 1240 318 1296 convertatur
340 1232 377 1293 ad
398 1232 490 1293 iidem
511 1228 667 1291 ldcclcslae
688 1231 895 1308 Ortlrodorae,
920 1253 998 1295 nam
1020 1220 1148 1299 ulisse:

131 1344 178 1399 set
197 1338 305 1418 injurio
326 1340 454 1397 status.“
503 1332 688 1395 Postremum
711 1336 865 1414 aequitatis
887 1354 970 1397 auae
992 1340 1149 1401 moulmca·

129 1446 191 1501 tum
213 1438 307 1499 edidit
326 1438 478 1517 Princeps,
513 1435 633 1515 uulgato
653 1456 709 1515 per
730 1436 878 1496 Andrcam
896 1432 1063 1503 Joannem
1082 1432 1148 1503 sur

129 1540 224 1615 chan,
252 1538 412 1599 Tredecim
440 1535 624 1617 Oppidorum
651 1536 891 1617 Scepusiensium
915 1537 1146 1624 llice-Capita·

130 1662 237 1714 neum,
260 1642 289 1701 d.
311 1642 361 1701 lo.
382 1640 458 1721 Maji
480 1641 560 1700 1701
584 1642 723 1716 decreto,
751 1660 810 1721 quo
830 1641 941 1702 borum
965 1644 1146 1725 Oppidorn

131 1744 318 1821 Euangelieis
340 1742 446 1803 localis
479 1743 603 1803 liberam
625 1743 774 1822 religionis
796 1744 975 1805 exercitium
1000 1753 1039 1809 et
1061 1764 1145 1809 eom

129 1844 370 1905 Praedicantibus
391 1864 526 1904 securam
545 1846 727 1905 mansionem
746 1845 1036 1927 habitationemque
1055 1848 1145 1929 largir-

129 1948 234 2020 batam,
255 1946 304 2027 itu
325 1953 440 2021 tamen,
467 1952 532 2020 ·„at
551 1944 693 2005 Parorlris
719 1946 1071 2013 -llomaao-Guthollcis
1092 1950 1145 2011 olr·

130 2048 288 2120 dientiam,
309 2047 452 2106 honorem
473 2054 505 2106 et
525 2048 721 2106 reverentiam
743 2054 907 2127 praestent.
915 2052 936 2082 ‘⁶

214 2148 307 2207 Filius
330 2147 470 2209 Stonislui
488 2146 838 2223 Ileraclii·Lubomirslri,
864 2148 1062 2215 d'lseodoms
1085 2154 1145 2215 llas·

129 2252 306 2323 stoutinus,
339 2271 357 2310 a
386 2250 480 2330 patris
512 2250 631 2329 ingenio
652 2257 683 2311 et
703 2251 804 2311 indole
824 2250 912 2329 longe
935 2262 1012 2317 erat
1035 2257 1145 2317 alienas

129 2352 189 2415 viu
219 2354 297 2413 enim
327 2370 440 2411 summa
468 2371 569 2411 rerum
597 2352 709 2431 potitus
730 2351 806 2427 fuit,
831 2352 894 2432 jam
916 2353 947 2414 d.
975 2358 1035 2418 lo.

130 2474 176 2515 ιιι.
199 2455 291 2529 lact,
314 2454 459 2532 Sigmyo,
487 2452 688 2513 infensissimo
717 2453 967 2533 Evangelicorum
999 2458 1097 2523 hoste
1114 2460 1147 2523 ia·

129 2556 255 2631 citante,
276 2555 439 2615 mandavit:
467 2574 526 2629 „ne
559 2555 703 2634 quispiam
731 2555 892 2617 'l'redecim
921 2556 1146 2639 Oppidano'm

130 2659 319 2737 Aargastanae
348 2654 535 2715 Confessioni
563 2655 797 2716 Adhaercntium
826 2658 865 2718 od
885 2676 920 2717 se
940 2678 1089 2743 suasque
1108 2664 1147 2727 da·¹

129 2778 209 2833 mos,
231 2757 278 2817 vel
299 2757 440 2817 exercitia
466 2757 596 2835 privata,
628 2775 665 2815 ex
686 2757 788 2817 alienis
820 2758 1005 2839 territoriis,
1038 2765 1147 2827 ditloal·

129 2861 200 2935 bus,
222 2860 356 2939 oppidis,
377 2858 425 2918 rel
444 2859 548 2938 pagis,
571 2858 772 2938 cujuscunque
792 2861 992 2941 conditionis,
1024 2868 1080 2929 vel
1101 2843 1161 2931 ala·¹

129 2968 178 3022 tus
199 2961 326 3021 aduenas
348 2958 505 3019 admittere
519 2964 720 3038 praesumat,“
736 2978 834 3038 poena
851 2968 975 3025 centum
992 2944 1148 3031 aureum!

129 3068 161 3124 et
182 3062 354 3123 ademtionis
377 3061 580 3121 Oratoriorum
599 3094 643 3107 --
664 3080 740 3140 qaae
761 3062 934 3142 Synagogas
960 3072 1149 3136 nominat-

128 3166 160 3226 in
179 3165 256 3245 legis
274 3162 365 3243 hujus
387 3162 542 3223 violatores
564 3168 681 3223 statuta.
724 3163 869 3225 Ferocius
889 3166 996 3229 odhuc
1016 3170 1084 3238 fuit
1097 3174 1150 3237 edi·

129 3276 210 3329 ctam
230 3264 290 3325 diei
315 3265 346 3324 Ί.
366 3264 493 3343 Aprilis,
525 3283 572 3323 aa.
594 3264 695 3338 1702,
724 3266 810 3345 cnjus
841 3272 990 3346 punctam
1024 3276 1151 3354 primm

131 3370 309 3449 Apostolos,
339 3368 395 3441 nisi
426 3385 521 3446 usque
551 3367 675 3447 primam
702 3366 778 3447 Maji
804 3368 842 3428 ad
869 3370 1035 3447 pristinam
1068 3377 1150 3440 fidu

130 3470 289 3543 redierint,
309 3468 436 3529 irrlames
458 3468 602 3527 declarari
623 3475 655 3529 et
676 3470 762 3529 bonis
783 3470 941 3531 mobilibus
959 3481 997 3536 et
1018 3478 1152 3543 immobi-

130 3572 225 3645 libus,
246 3571 277 3629 in
297 3568 448 3649 publicam
469 3569 610 3643 addictis,
633 3570 737 3630 exsilio
758 3571 847 3630 adfici
863 3571 975 3651 jabet,
1012 3582 1153 3651 eondu-

131 3692 189 3753 qae
205 3688 335 3751 ,poenam
362 3670 399 3729 iis
421 3671 510 3729 etiam
536 3671 664 3748 irroget,
687 3670 736 3747 qui
757 3669 846 3750 hujus
873 3675 1004 3751 generis
1026 3678 1152 3745 hombl-

129 3774 186 3834 bus
207 3771 375 3852 perfugium
395 3772 587 3848 praeberent;
610 3776 751 3848 punctam
776 3771 938 3833 secundum
961 3774 1151 3845 Universal'u

130 3874 269 3943 Andreae
290 3872 410 3931 Joanms
431 3872 582 3945 Straclmn,
605 3870 664 3931 diei
687 3873 736 3929 1⁰.
757 3871 833 3951 Meji
855 3873 936 3933 17⁰1
962 3898 1029 3959 quo
1052 3884 1152 3949 Pm-

131 3976 214 4037 mlrus
242 3973 443 4053 Evangelicis,
472 3973 566 4032 libera
596 3971 627 4032 in
648 3970 805 4033 Tredecim
826 3972 956 4053 oppidis
979 3984 1153 4051 mmm
