2544 4694
617 333 660 397 80

532 417 732 432 Μ

126 507 266 567 lumentis
285 504 334 565 his
356 522 431 564 anno
453 486 536 565 1815
557 501 713 563 Floodotio
735 501 861 562 Jomnis
877 501 995 579 iettin,
1017 504 1068 583 qui
1087 522 1142 585 pro
1263 498 1268 509 ⁴

127 608 306 688 pauperibus
329 604 475 666 Studiosis
497 623 567 665 sese
586 603 779 685 probantibus
808 601 888 663 nulla
915 603 1067 684 religionis
1094 625 1143 666 ra-

127 710 207 770 tione
227 708 328 768 habita
351 686 506 785 Stipendia
527 705 632 765 decem
653 696 715 765 180
735 703 940 778 Florenorum,
955 705 1020 783 ¹alia
1039 705 1143 766 decem

129 808 190 869 150
202 808 409 881 Florenomm,
431 811 547 884 septem
570 804 696 884 denique
718 809 837 865 eentum
858 803 1053 865 Florenorum
1074 825 1145 866 conr
1201 817 1204 824 '

127 911 233 971 stituit.
277 908 325 968 Ad
344 914 461 988 partem
482 906 513 964 iu
535 904 690 984 Stipendio
711 904 805 965 hocce
827 905 1144 983 capiendam-Nostra-

126 1019 173 1073 tes
196 1025 337 1089 quoque,
376 1007 506 1089 quamvis
538 1004 696 1066 admodum
726 1006 814 1085 pauci
835 1005 1037 1069 admittuntur.
1080 1007 1142 1069 Has

128 1113 182 1172 bet
202 1111 331 1188 densique
352 1107 497 1188 singulum
517 1108 729 1186 propemodum
749 1106 883 1186 Lyceum
903 1113 934 1169 et
951 1108 1143 1192 Gymnasium

98 1248 100 1253 ι
129 1210 291 1292 peculiaria
311 1209 423 1291 Legata
444 1207 645 1281 sublevandis,
656 1208 815 1289 juvenibus
838 1209 992 1272 destinata.
1042 1220 1046 1225 ’

534 1444 736 1455 una-um

215 1620 419 1696 Narrationem
440 1619 517 1691 banc
538 1637 659 1693 casuum
671 1614 713 1683 ‘et
734 1618 970 1681 vicissitudinum
989 1609 1145 1681 Ecclesiae
1251 1678 1255 1683 ,

130 1722 327 1803 Evangelioae
346 1724 379 1783 io
399 1721 552 1802 Hungaria
568 1723 596 1783 si
608 1727 722 1785 attenta
736 1727 842 1785 mente
859 1721 1047 1797 revolvimus,
1067 1721 1147 1783 nullo

128 1824 217 1886 modo
247 1806 434 1893 dissimiliore
462 1842 619 1905 possumus
649 1824 847 1891 conditionem
874 1823 989 1902 patriae
1008 1824 1146 1899 u'civium,
1234 1898 1237 1903 ¹

129 1926 287 1987 formulam
317 1945 471 2013 sacrorum
501 1946 521 1986 a
554 1924 688 1997 liuthero
725 1926 915 1986 constitutam
948 1925 1145 2005 probantium,
1203 1966 1206 1971 >

130 2022 258 2109 maxime
278 2047 296 2089 a
314 2027 445 2091 subilito
465 2026 648 2105 Ι00001008
667 2026 794 2107 publica,
805 2025 905 2109 Regni
924 2026 1026 2107 legum
1046 2032 1147 2089 aucto·

130 2131 221 2191 ritate
240 2128 335 2191 libero
356 2148 508 2191 sacrorum
524 2129 596 2211 jure
615 2130 647 2189 in
667 2127 987 2203 uuiversum-liebilem
1002 2130 1146 2191 miseran·

132 2229 258 2309 demque
284 2230 388 2291 fuisse.
441 2230 489 2289 Ab
520 2228 574 2299 illo
605 2230 682 2291 enim
713 2236 847 2308 tempore
868 2230 915 2289 ad
942 2229 1023 2290 bunc
1051 2249 1147 2310 usque

132 2330 232 2407 diem,¹
251 2350 399 2411 nunquam
420 2331 521 2392 stabili
539 2349 615 2410 pace
636 2337 667 2392 et
688 2350 724 2391 eo
745 2331 946 2410 prosperitate
966 2330 1147 2406 fruebamur,

133 2450 221 2513 quom
241 2440 273 2495 et
294 2435 456 2495 communis
477 2451 583 2493 sensus
597 2420 695 2512 ¹erigit,
717 2439 748 2493 et
768 2432 851 2512 leges
870 2434 1002 2512 patriae,
1024 2426 1148 2513 adquae

133 2535 331 2597 observandas
360 2533 462 2615 Reges
490 2534 687 2615 jurejurando
719 2535 905 2613 obstringere
933 2534 1064 2595 solemne
1092 2542 1149 2607 est,

133 2636 219 2699 uobis
241 2637 427 2716 stipulantur.
477 2636 615 2697 luduciae
637 2636 731 2697 solum
751 2637 858 2697 breves
879 2636 983 2715 fuere,
1011 2656 1084 2717 quas
1104 2637 1150 2696 in-

132 2739 252 2799 terdum
281 2737 388 2800 clerus
419 2738 553 2799 Romano
568 2773 583 2783 ·
597 2737 768 2799 catholicus
792 2758 859 2798 cum
886 2737 1054 2818 gregalibus
1087 2739 1149 2799 suis

131 2841 217 2900 nobis
238 2841 403 2910 concessit,
423 2858 483 2902 non
504 2839 641 2899 diuturna
661 2839 755 2918 quies.
799 2838 893 2900 Valet
913 2837 944 2898 id
964 2840 1092 2899 maxime
1110 2838 1150 2900 de

132 2941 186 3001 illo
204 2941 370 3014 intervallo,
392 2941 471 3020 quod
494 2939 620 3002 Comitia
641 2941 711 3001 anni
732 2941 816 3000 1608
837 2946 868 3000 et
888 2946 1013 3002 mortem
1034 2939 1149 3022 Mariae

133 3040 297 3102 'lberesiae
324 3042 504 3103 intercessit.
547 3042 625 3109 Toto
653 3062 781 3122 namque
810 3043 869 3103 hoc
890 3043 1032 3121 temporis
1053 3043 1150 3122 spatio

134 3150 215 3202 tauto
242 3144 360 3218 studio,
388 3149 471 3205 lanto
499 3143 638 3218 fervore,
666 3146 817 3224 tantisque
846 3143 980 3204 artificiis
1012 3145 1043 3203 iu
1063 3143 1149 3204 nobis
1234 3178 1238 3185 ,

132 3243 271 3322 legitimis
291 3243 412 3305 Juribus
435 3251 466 3306 et
478 3245 639 3306 beneficiis
660 3243 804 3305 exuendis
817 3243 1015 3320 laborabatur,
1036 3251 1070 3306 ut
1085 3244 1148 3305 lau-

132 3344 202 3405 data
217 3343 332 3425 Regina
352 3345 391 3407 de
408 3347 468 3407 rita
489 3347 644 3427 migrante,
665 3348 713 3406 vix
732 3346 838 3406 umbra
852 3346 1075 3427 privilegiorum
1094 3365 1147 3407 no

132 3447 179 3508 bis
200 3447 319 3528 publica
340 3447 512 3509 auctoritate
534 3465 744 3509 concessorum
770 3454 907 3509 restaret.

216 3547 347 3630 Legibus
369 3550 479 3629 quippe
501 3551 645 3611 Omnibus
667 3549 800 3611 Statibus
822 3557 854 3611 et
874 3549 1044 3627 Ordinibus,
1066 3549 1145 3611 civi-

84 3702 89 3711 .
131 3651 260 3727 tatibus,
283 3649 408 3730 Oppidis
439 3650 582 3734 Vicisque
611 3672 667 3734 per
688 3651 867 3714 Universum
895 3651 1032 3734 Regnum
1062 3653 1145 3732 copia
1269 3714 1271 3718 .

133 3753 273 3826 dabatur,
311 3771 514 3832 quamcunque
541 3754 720 3834 religionem
748 3773 767 3815 e
796 3756 891 3817 tribus
921 3756 1052 3835 receptis
1084 3753 1146 3814 Ro·

131 3853 405 3916 mano-catholico
434 3874 559 3936 nempe,
592 3855 783 3937 Augustanae
814 3851 851 3944 ct'
870 3856 1045 3918 Helveticae
1066 3855 1144 3916 Con-

133 3954 255 4020 fessioui
275 3954 420 4032 Addicto,
440 3957 638 4038 amplectendi
668 3964 699 4019 et
729 3958 888 4038 proliteudi
920 3954 1144 4039 (Pacificatione
