2544 4694
604 396 667 458 182

130 586 261 629 normam
281 566 441 628 vicinarum
472 564 636 647 Regiorum
665 566 903 645 Libemrumqne
937 562 1141 629 Civitatumi

130 669 235 749 Regno
266 668 453 747 ilungariae,
485 667 626 742 fruendi,
654 668 747 747 idque
778 685 815 727 eo
835 668 957 747 magis,
989 666 1141 751 quodipr

130 770 195 831 Rex
215 770 354 831 Poloniae
374 769 506 831 Joarrnos
528 769 579 829 lll.
601 769 762 849 Rescripto
781 787 853 843 suo,
874 788 960 829 auaro
990 770 1083 831 18
1102 790 1141 851 pn

130 872 247 952 posito,
269 869 417 949 pollicitus
438 872 554 945 fuerit,
583 869 778 949 Evangelicos
799 868 968 931 'lbcdecim
993 870 1141 953 Oppidana

130 974 244 1035 ratione
264 971 351 1032 liberi
371 972 524 1051 religionis
559 972 714 1046 exercitii,
743 972 819 1031 haec
848 977 1084 1035 consecuturos
1102 992 1141 1035 en

131 1072 299 1148 commoda,
337 1093 414 1152 qnae
445 1072 574 1134 Liberae
608 1073 780 1153 liegiscquc
812 1058 959 1133 Civitates
998 1074 1035 1136 in
1067 1073 1141 1157 Περ

131 1176 318 1257 llnngariae,
350 1194 368 1235 a
399 1194 454 1235 suo
483 1174 569 1255 llegc
590 1176 766 1237 obtenturae
797 1180 910 1235 essent.
965 1174 1046 1253 Qua
1075 1178 1106 1239 ln
1119 1195 1141 1239 n

8 1312 11 1319 ·
132 1296 200 1349 enpn
228 1276 398 1356 Principem
427 1283 495 1337 rota
524 1297 627 1337 eorum
657 1277 929 1337 obsecundatorum
958 1276 1141 1365 intelligere

132 1378 281 1460 Oppidani
302 1378 493 1458 blu'angelici:
516 1377 667 1438 Cardinali
687 1376 943 1457 Arelli-Episcopi
960 1378 1141 1461 Strigoniu

132 1480 231 1561 questi
252 1486 341 1554 suut,
363 1479 441 1558 qnod
463 1479 500 1538 ab
522 1480 597 1558 ipsis
618 1479 712 1539 omnis
734 1478 853 1557 generis
874 1476 1027 1543 decimae
1047 1499 1141 1563 pm

131 1586 181 1643 tur
209 1586 241 1641 et
271 1586 390 1654 tamen,
418 1598 516 1658 neque
538 1586 571 1639 ut
592 1580 663 1639 olim
683 1598 739 1639 usu
759 1579 918 1655 seniebat,
952 1598 1002 1643 ex
1025 1582 1141 1645 redibis

133 1682 283 1756 decimae,
303 1680 534 1761 Ludimsgistris
556 1680 704 1760 stipendia
734 1680 858 1755 dentur,
890 1698 1003 1763 neque
1021 1684 1141 1767 juvent!

133 1784 192 1845 rite
222 1782 423 1843 instituendae
453 1781 641 1861 invigiletur3
662 1788 836 1862 praeterea,
866 1781 951 1861 qnod
987 1782 1034 1849 V.
1056 1784 1141 1849 nrt

133 1884 236 1959 nistri,
266 1884 303 1943 ab
332 1883 446 1943 actibus
475 1882 634 1943 stolaribns
664 1883 839 1945 exercendis
860 1884 1141 1965 probibeantnr,r

135 1988 207 2048 civis
228 2004 246 2045 a
265 1984 417 2060 Plebauis,
449 1991 534 2045 actum
564 1986 657 2045 hosce
676 1985 910 2064 peragentibus,
941 1987 1051 2053 nimio
1077 1988 1141 2071 preti

134 2094 308 2169 graventur,
339 2093 371 2147 et
391 2088 514 2166 iusuper
534 2086 677 2148 Paroclris
699 2088 830 2147 decimas
852 2088 1047 2155 convehere
1069 2110 1141 2174 cog·

135 2198 192 2253 tur.
235 2189 335 2266 Quare
358 2194 480 2249 orarunt
501 2187 699 2265 cardinalem,
721 2194 755 2249 ut
775 2188 812 2249 ab
832 2188 920 2249 hisne
941 2194 1101 2256 oneribus
1118 2210 1141 2255 tl

11 2297 21 2311 ⁹
134 2291 294 2366 liberaret,
324 2294 356 2351 et
386 2309 489 2350 corum
520 2290 693 2351 Pacatoribn
723 2296 903 2370 potestatem
931 2290 1072 2359 faceret
1099 2296 1141 2357 rib

136 2392 261 2454 stolarcs
283 2390 502 2452 administrandi
524 2397 556 2452 et
575 2392 708 2467 reditus,
730 2393 801 2452 iude
821 2392 1072 2474 provenientes,
1103 2414 1141 2479 pr

135 2495 272 2575 cipiendi.
324 2492 508 2568 cardinalis,
529 2494 702 2573 priusquam
722 2511 787 2554 rem
809 2494 992 2574 decideret,
1030 2496 1141 2563 Geumi

135 2594 255 2659 Vicario
276 2614 329 2656 suo
350 2615 407 2674 per
429 2595 625 2674 Scepusinm,
648 2596 802 2676 Stephano
829 2594 1088 2680 minatoriis,
1105 2602 1141 2663 nr

134 2698 176 2758 ris
209 2696 269 2757 diei
289 2697 338 2757 18.
361 2696 536 2758 decembris
568 2698 652 2758 1714
684 2698 836 2778 negotium
868 2697 1094 2781 demandavit,
1117 2720 1141 2765 Ι

135 2798 205 2859 ditis
225 2796 384 2858 'l'redecim
406 2797 590 2878 Oppidorum
621 2799 755 2872 nunciis,
783 2800 816 2859 in
845 2818 971 2862 cansam
1007 2777 1141 2887 diligenti

134 2900 316 2979 inquirendi,
347 2907 378 2961 et
409 2920 445 2961 re
470 2906 610 2963 accurate
641 2902 775 2981 cognita,
805 2900 843 2960 ad
871 2919 907 2961 se
928 2919 1007 2965 cum
1030 2908 1141 2987 opinior

136 3000 298 3063 referendi.
350 3002 445 3063 Erant
465 3007 564 3063 autem
584 3009 706 3083 puncta,
728 3003 759 3063 iu
781 3022 856 3082 qnae
875 3003 1068 3089 investigari
1086 3026 1141 3091 prat

136 3103 215 3182 cepit
233 3104 328 3164 haec:
349 3101 502 3164 Vernmne
522 3104 578 3179 sit,
600 3104 679 3183 quod
700 3102 832 3165 Plebano
854 3101 1014 3169 Catholici
1038 3112 1075 3173 in
1095 3108 1141 3171 'm

135 3205 232 3265 decim
251 3187 390 3285 'Oppidis
423 3206 516 3265 omnis
545 3208 665 3285 generis
693 3204 835 3267 frumenti
855 3204 994 3271 decimas
1019 3212 1141 3295 accipi!

136 3311 167 3367 et
196 3306 276 3366 cives
304 3306 517 3386 Evangelieos,
552 3307 619 3367 illas
647 3308 679 3367 iu
709 3306 820 3368 horrea
847 3307 987 3387 ipsorum
1020 3314 1141 3379 invebm

135 3406 345 3486 adstringant‘l
377 3407 538 3468 Certmnne
569 3408 624 3484 sit,
652 3407 850 3469 Plebanorum
879 3408 979 3473 offleii
1001 3432 1141 3493 ωυρμ

55 3590 58 3595 .
133 3508 279 3568 reditibus
303 3510 445 3583 decimae,
467 3529 549 3595 more
570 3510 729 3589 untiquitus
750 3511 869 3586 usitato,
892 3511 1087 3586 Scholnrnm
1104 3534 1141 3579 nr

135 3609 318 3671 deratonbus
340 3609 500 3673 Catholicis
523 3614 595 3673 dare
617 3612 758 3673 Salaria‘l
782 3613 830 3674 An
856 3612 1068 3693 Angustanae
1089 3619 1141 3683 iba

134 3709 259 3772 sessioni
289 3712 426 3789 Addieti,
455 3713 666 3775 Praedieautes
695 3733 764 3775 suos
787 3720 819 3775 et
839 3733 998 3789 sacrorum
1023 3724 1081 3804 jus
1099 3728 1141 3783 nb

138 3818 169 3874 et
186 3834 281 3895 nsque
291 3815 404 3876 initium
413 3823 583 3896 postremae
592 3817 767 3884 rebellionis
783 3817 972 3882 habuerint‘i
993 3843 1061 3904 per
1080 3840 1141 3907 qua

136 3922 167 3975 et
189 3916 334 3994 quomodo
360 3916 434 3998 ipsis
466 3938 640 3981 eoncessum
668 3920 730 3981 siti
761 3938 799 3981 sn
828 3925 860 3981 et
889 3928 1051 4001 quomodo
1073 3940 1141 4007 usn!

138 4016 175 4077 ad
202 4018 368 4097 praefatum
397 4026 514 4102 tempus
546 4023 578 4083 in
608 4022 744 4114 paciticlo
764 4042 918 4086 sacrorum
940 4046 1004 4091 nsn
1028 4023 1141 4113 tuerint
