2544 4694
448 457 648 552 -ιιι,

107 613 148 693 nt,
183 624 253 693 No‘n
273 630 375 712 posci,
399 611 432 691 ut
452 623 620 690 Prdtdeolla
642 627 800 690 Civitatem
821 629 913 692 cuivis
935 632 1051 694 curirrso

107 732 234 795 lorattri
247 731 285 793 hd
302 731 408 791 ¹uedes
440 730 568 811 privatas
596 730 765 805 mittantur,
793 730 847 791 scd
877 730 909 791 id
937 733 1053 795 nonnisi

109 835 152 911 l','
167 837 200 895 ut
219 832 267 895 uel
295 833 327 893 ld
344 831 439 892 Curia
460 830 580 911 oppidi,
608 831 814 910 praesentibus
845 832 1051 912 cognitoribus

107 930 303 1015 mmlasmils),
329 934 377 995 vel
398 934 428 993 lu
449 952 518 993 aree
539 932 738 1008 Libloriensi,
760 935 814 993 suh
837 933 929 995 oculis
949 935 1052 997 Admi-

107 1038 221 1113 atoris,
240 1034 288 1095 vel
309 1035 340 1094 in
361 1032 496 1113 capitulo
526 1032 732 1113 Soepusiensi,
761 1053 861 1094 coram
889 1034 1051 1116 praefectis

107 1135 260 1212 esiastlels,
289 1147 327 1197 eo
347 1136 472 1195 maxime
493 1137 627 1214 tempore
648 1136 834 1213 aperiantur,
868 1137 983 1216 quando
1000 1138 1053 1219 ju·

107 1257 119 1299 r
146 1237 267 1299 dubium
295 1254 314 1296 e
343 1233 518 1295 Protocollis
548 1233 721 1294 solvendum
741 1236 881 1296 nascitur.
902 1270 945 1281 -
966 1238 1050 1301 llaec

107 1345 156 1402 lne
176 1336 421 1419 querimoniarum
442 1336 599 1415 rescripsit
619 1334 743 1414 Regina.
799 1336 886 1413 Quod
915 1358 986 1400 vero
1013 1340 1052 1401 ad

107 1445 134 1504 u
162 1439 281 1515 attinet,
323 1438 477 1520 reposuit:
518 1438 645 1517 primum
678 1456 746 1496 cum
777 1456 874 1518 neque
903 1437 1052 1503 Romano·

108 1542 188 1605 rolici
207 1541 338 1604 habeant
350 1540 532 1615 facultatem,
553 1539 719 1600 Paroohum
732 1559 787 1620 pro
803 1540 898 1602 lubitu
912 1542 1051 1624 eligendi,

108 1664 118 1706 r
140 1650 223 1706 tanto
243 1643 340 1704 mium
360 1640 541 1702 Acatlrolicis
563 1640 686 1701 concedi
707 1658 813 1720 posse3
834 1642 942 1704 deinde
963 1644 1051 1707 Prae-

108 1766 131 1807 ιε
151 1746 287 1807 habitare
307 1740 420 1803 dehere
441 1742 473 1802 in
493 1740 627 1801 domibus
647 1741 695 1801 rel
716 1741 879 1816 conductis,
901 1744 947 1805 vel
963 1747 1052 1809 etiam

107 1847 180 1922 uiis,
201 1865 274 1925 quas
294 1851 394 1906 tamen
414 1841 498 1903 nelos
519 1843 571 1916 sit,
594 1842 670 1902 ultra
689 1842 731 1917 id,
756 1842 834 1922 quod
855 1845 979 1926 simplex
998 1867 1051 1908 ue·

109 1950 165 2009 itas
196 1947 288 2027 exigit
315 1946 496 2018 instaurare3
531 1950 685 2023 postremo
715 1943 811 2023 quoad
839 1946 1050 2009 admittendum

108 2049 240 2130 egrinum,
262 2046 426 2107 domestico
439 2042 563 2104 Pastore
577 2050 763 2124 aegrotante,
784 2064 840 2105 nee
855 2064 912 2106 non
924 2048 1050 2130 Jnrisju-

108 2149 128 2210 li
155 2146 326 2223 formulam,
358 2159 424 2207 clun
450 2144 594 2205 Paroehis
621 2144 815 2225 oppidorum,
856 2147 1050 2229 Evangelioos

110 2252 210 2331 sigere
239 2247 340 2331 jussit
413 2245 473 2307 Pro
514 2243 652 2306 coronide
680 2245 839 2309 declaravit
869 2250 984 2328 regina,
1015 2269 1050 2313 se

108 2350 309 2413 emadmodum
330 2345 520 2427 Augustanae
541 2344 727 2406 Confessionl
747 2346 908 2424 Addictos,
951 2371 1050 2430 quarn·

115 2449 248 2513 olliclum
267 2448 402 2510 fidelium
433 2446 616 2509 eruditorum
637 2447 854 2526 praestiterint,
882 2469 979 2530 neque
1000 2472 1050 2514 ex·

108 2573 169 2628 ere,
189 2570 286 2632 neque
305 2550 424 2631 injustis
445 2548 646 2610 vexationibus
668 2550 843 2627 opprimere,
866 2554 920 2611 sed
941 2556 1048 2633 potius,

108 2655 188 2715 ndlu·
197 2654 250 2735 jus
270 2650 376 2732 fasque
396 2648 576 2729 permiserit,
598 2647 771 2709 clementiae
793 2656 824 2711 et
844 2653 984 2731 praesidii
1003 2656 1050 2715 sui

108 2756 118 2817 i
145 2751 321 2815 dooaunenta
351 2749 409 2811 illis
441 2768 555 2829 aeque,
585 2768 620 2808 ac
647 2748 711 2808 aliis
741 2749 867 2812 snlnlitis
897 2761 1049 2832 praestare

111 2864 171 2918 tet:
191 2857 233 2916 ita
254 2853 383 2915 vicisslm
403 2852 483 2913 serio
503 2851 678 2925 admonere,
708 2858 742 2912 ut
763 2871 796 2912 se
817 2853 888 2913 huic
909 2856 974 2935 ejus
997 2858 1049 2917 de-

112 2977 131 3018 o
152 2956 311 3035 diligenter
339 2951 579 3025 accommodent,
602 2950 761 3012 Catholicis
782 2953 876 3014 amice
896 2958 1050 3021 convivunt

108 3057 210 3137 oloque
229 3060 441 3138 praecaveant,
471 3071 510 3113 ne
531 3052 674 3132 Reginam
695 3054 727 3113 in
746 3060 898 3134 posterum
919 3059 1048 3134 querelis

108 3158 241 3219 rietent.“
261 3191 304 3203 -
333 3154 414 3217 Dura
442 3153 537 3215 coacti
565 3154 756 3228 necessitate,
785 3155 1000 3234 acquievissent
1018 3159 1049 3218 in

109 3258 237 3320 olutione
257 3258 351 3318 hacce
369 3254 518 3336 Reginae,
539 3252 698 3314 Tredeeim
719 3252 885 3334 Oppidanl,
914 3257 939 3316 si
960 3276 1049 3319 uuum

109 3379 142 3422 ee
161 3367 303 3441 puuctum
329 3376 367 3419 ex
386 3355 490 3417 eadem
511 3354 675 3429 abluisset,
704 3373 762 3433 quo
779 3356 959 3435 jubebantur
979 3378 1049 3437 pro-

133 3481 216 3523 suam
243 3462 275 3521 in
301 3457 481 3519 catechismo
510 3455 662 3516 catholieo
689 3455 800 3515 erudiri
820 3476 933 3518 curare.
981 3459 1049 3521 Iloc

109 3586 142 3639 n,
163 3561 300 3645 quamdiu
319 3561 518 3640 Augustanam
538 3558 711 3637 religionem
730 3558 955 3637 profitebantur,
987 3579 1049 3622 ma·

108 3672 165 3740 sto,
187 3664 267 3726 salva
288 3660 466 3723 conscientia
490 3657 646 3718 admittere
672 3676 731 3718 non
758 3663 904 3736 poterant.
947 3658 1049 3720 Enim-

109 3788 125 3842 ι,
158 3773 192 3826 ut
212 3782 330 3825 rursum
350 3759 388 3823 ad
408 3761 545 3821 thronum
566 3758 677 3839 gratiae
697 3757 910 3837 profugerent,
942 3758 1047 3821 clerus

125 3866 234 3947 adegit.
287 3862 344 3924 Illo
372 3873 497 3941 namque
524 3860 669 3940 pergebat
694 3858 807 3938 pellere
837 3859 865 3918 vl
896 3877 932 3920 ex
951 3859 1049 3940 hypo·

109 3975 149 4028 nto
170 3971 375 4045 aegrotorum,
397 3979 521 4033 omnes,
543 3960 592 4038 qul
613 3959 743 4018 aderant.
786 3956 901 4020 Deinde
926 3962 1049 4041 urgebat

109 4067 244 4128 arentiam
268 4064 433 4146 juventutis
462 4062 494 4123 in
523 4057 710 4121 catechetlois
741 4056 866 4195 Scholip.
912 4059 1048 4123 Accessit

785 4156 826 4217 la
