2544 4694
539 364 745 459 -..aa

110 538 275 604 ,moieno
296 536 532 613 concedebatur,
565 534 800 617 Autographon,
831 536 869 597 ad
889 534 988 618 Regni
1007 537 1151 601 Tribunol

129 640 309 715 transmitti,
341 640 409 721 ejus
436 656 508 699 vero
535 636 704 717 exemplum
724 634 878 720 (Copiam)
898 639 930 699 in
950 638 1150 719 quovie'Tre-

130 742 231 804 decim
251 740 454 822 oppidorum,
475 758 564 799 monn
585 738 732 799 carnificio
754 740 886 799 comburi
906 741 1058 817 deceruit,
1088 750 1150 803 ata-

129 844 248 923 tuitqnc
268 862 309 903 nc
341 843 496 922 quioqnam
516 838 753 901 Praedicantium
774 839 893 920 Oppida
906 842 1078 905 'inhabitare
1098 863 1151 905 un-

128 944 218 1023 deut,
239 944 299 1007 rub
320 963 418 1024 poena
436 941 711 1021 comprehensionis
731 928 1151 1025 putelapsos,a'promu1-

127 1052 202 1129 gato
224 1044 347 1107 decreto
368 1044 535 1124 quindecim
556 1043 641 1117 dieo,
663 1048 803 1124 punctum
823 1045 943 1105 tertium
964 1047 1042 1106 serio
1062 1066 1150 1126 prae-

108 1148 223 1239 ⁸cipit,
244 1166 284 1207 ne
305 1146 360 1206 nub
379 1163 476 1225 poena
497 1149 615 1204 centum
635 1162 802 1219 aureorum,
821 1144 854 1206 io
873 1152 1028 1225 posterum
1048 1148 1149 1208 officio

108 1246 245 1343 ,iudicio
266 1246 410 1327 quispiam
431 1244 668 1305 Lutlreranorum
691 1246 891 1327 praeficiatur.

219 1347 355 1429 Longum
376 1352 476 1408 autem
495 1346 577 1407 foret
597 1347 694 1407 omnia
713 1346 859 1427 Principia
880 1348 993 1425 edicta,
1013 1348 1150 1432 Evange-

108 1449 198 1551 ,licia
219 1451 346 1512 adverae
365 1468 546 1511 recensere.
572 1449 699 1509 maxime
719 1455 819 1510 tamen
838 1450 1039 1511 memorabilia
1059 1453 1150 1514 silen-

108 1510 174 1651 Ιιιιιι
194 1552 362 1633 praeterire
381 1551 547 1631 nmpuimua.
589 1548 657 1609 Huc
678 1551 809 1629 pertinet
828 1548 950 1611 Juanum
969 1552 999 1611 d.
1011 1552 1061 1613 29.
1073 1553 1148 1614 Nor.

108 1672 179 1756 Ιἰιιι.
202 1651 306 1728 lton,
327 1670 387 1731 quo
406 1649 598 1711 Lubomirshi
624 1651 758 1725 mandat,
779 1658 813 1711 ut
841 1670 963 1728 omuer,
994 1654 1149 1733 utriusque

127 1772 221 1815 aexur
241 1752 403 1815 Tredecim
424 1750 610 1832 Oppidorum
631 1750 765 1825 buculae,
788 1752 825 1811 ad
846 1750 972 1831 Templa
993 1752 1148 1817 catholica

117 1818 190 1957 :non
209 1860 325 1916 tantum
345 1853 451 1913 diebus
472 1852 609 1925 Domini,
638 1852 692 1913 aed
723 1858 754 1913 et
775 1854 909 1915 omnibus
929 1854 1030 1915 Fertis
1050 1874 1070 1915 a
1090 1855 1148 1917 Go-

113 1956 249 2020 molius
281 1955 428 2017 celebrari
455 1953 551 2013 solitis
584 1960 787 2032 compareant,
817 1955 967 2034 initoque
993 1957 1030 2016 ab
1061 1958 1148 2019 initio

108 2022 225 2131 ucri,
255 2077 352 2137 unque
372 2057 439 2137 ejus
460 2057 553 2115 tinem
574 2064 807 2129 commorentum
835 2056 959 2130 deinde,
990 2064 1025 2117 ιιι
1045 2078 1147 2119 omnes

108 2156 211 2239 Νιοιι
231 2157 368 2239 filiaeque
388 2156 557 2218 octodecim
577 2156 660 2217 annin
681 2155 857 2228 interiores,
889 2157 990 2235 quovis
1017 2158 1065 2218 die
1086 2158 1147 2220 llo-

108 2260 205 2349 ,mirri
232 2258 321 2341 paulo
345 2264 416 2321 unte
435 2277 593 2339 vesperas,
625 2256 663 2317 ad
684 2256 810 2337 Templo
828 2256 1147 2321 Romano-catholica

108 2355 268 2437 ¹mittant,
295 2358 435 2422 audiente
463 2357 664 2433 llatcclrismi,
702 2376 758 2437 per
785 2357 936 2419 Parachos
967 2361 1014 2420 rel
1045 2381 1148 2421 eorum

108 2455 268 2530 vicarios
294 2460 462 2541 explicandi
491 2478 589 2521 cauno⁸
647 2458 746 2538 Magis
778 2460 935 2520 exitiosum
962 2462 1060 2522 adhuc
1089 2463 1148 2523 fuit

108 2549 285 2647 capitanei
303 2561 458 2638 Edictum,
479 2561 556 2621 feria
575 2561 706 2622 secunda
726 2568 795 2621 ante
813 2560 936 2621 Festum
950 2563 1147 2625 Aenumtiouie

108 2662 247 2734 Mariae
267 2664 396 2739 editum,
424 2682 482 2743 quo
505 2662 614 2723 Comiti
635 2669 667 2723 et
686 2660 839 2722 iudicibus
860 2662 993 2725 officium
1013 2648 1148 2745 compre-

108 2766 281 2835 hendendi
300 2746 522 2839 Proedicantea,
544 2765 570 2824 ιι
590 2765 622 2825 iu
638 2762 798 2825 Tredecim
820 2763 952 2843 oppidis¹
966 2765 1146 2841 riderentur,

108 2872 210 2938 uer-lo
229 2868 411 2951 injungitur3
430 2868 509 2930 bona
530 2867 614 2947 ejus,
647 2866 699 2945 qni
718 2865 959 2941 Praedicautem,
991 2868 1053 2928 eive
1072 2870 1148 2929 invi-

108 2977 241 3047 utum,
271 2972 335 3032 eive
363 2974 471 3051 opunte
500 2970 670 3031 venientem
706 2970 939 3043 interimerent,
970 2968 1146 3048 publicanda

108 3078 348 3147 decernuntum
379 3071 542 3133 celebratio
576 3068 704 3149 deniqne
741 3066 942 3152 (ealdreichee
971 3067 1144 3150 Reaucherr)

108 3172 253 3256 Templi
271 3172 566 3233 Romano-Catholici
587 3171 787 3243 demandatur,
809 3176 928 3231 centum
947 3168 1147 3250 Imperialium

108 3294 230 3364 poena
249 3274 280 3337 iu
300 3292 376 3350 eon,
404 3274 455 3352 qui
484 3272 582 3333 edicto
602 3270 840 3351 refragarentur,
862 3271 1054 3331 ducentorum
1074 3290 1147 3334 vero

108 3379 306 3445 ducatorum
325 3374 359 3435 in
379 3372 526 3434 Comitem
547 3377 672 3445 statuta,
698 3371 725 3431 ai
755 3370 908 3431 decretum
927 3371 1022 3433 hocce
1042 3370 1080 3431 ad
1100 3372 1147 3433 ef-

108 3481 246 3545 [ectum
266 3475 414 3537 adducere
435 3481 609 3535 moraretur.
640 3472 688 3533 Ne
708 3491 779 3533 vero
800 3473 946 3552 quispiam
966 3474 1147 3537 contendere

108 3586 238 3669 queat,
265 3577 339 3639 dura
358 3577 472 3637 haecce
491 3576 648 3649 Mandata,
680 3574 760 3633 omni
792 3575 923 3635 caruisse
949 3576 1038 3636 noxia
1064 3576 1094 3637 vi
1115 3582 1147 3637 et

108 3680 321 3754 efficacitate,
343 3680 454 3759 quippe
474 3677 553 3756 quod
574 3675 766 3755 Magistratus
784 3674 909 3754 huperia
928 3675 1041 3737 haecce
1061 3696 1147 3737 exee-

108 3782 217 3869 qnuti
237 3800 297 3842 non
315 3780 447 3841 fuerint:
468 3776 507 3839 od
528 3776 672 3837 Samuelis
688 3775 821 3853 Platany,
842 3774 973 3837 Pastoris
994 3775 1147 3837 Viralien-

110 3888 193 3959 nie,
223 3883 275 3962 qui
295 3882 327 3941 in
346 3880 472 3941 Petrocr
492 3877 638 3957 degebat,
660 3877 827 3955 exemplum
846 3895 1049 3956 provocamus.
1091 3877 1147 3940 Vir

110 3984 202 4059 laic,
234 3982 315 4063 quod
340 3980 420 4043 fecto
445 3978 619 4056 Laurentii,
646 3977 770 4041 moenie
797 3995 918 4053 nocero,
947 3979 979 4039 iu
1010 3976 1146 4060 ejusdem

869 4077 945 4144 ,112
