2544 4694
381 822 1008 1012 Pnoouurnm5[
1086 816 1089 823 ’

129 1235 281 1332 Seepnsii
301 1251 482 1311 habitatores
502 1248 574 1309 ritui
593 1247 755 1308 christiano
775 1244 875 1324 prisca
891 1245 955 1327 jam
975 1253 1073 1311 aetate
1092 1264 1146 1311 no·

129 1375 200 1416 men
221 1353 349 1426 dedisse
371 1348 461 1412 dnbio
482 1359 586 1411 caret..
601 1351 808 1411 Ponat-antem
829 1348 957 1411 civilium
977 1370 1080 1414 rerum
1097 1373 1147 1417 ra-

120 1460 212 1519 ·tione
232 1456 347 1529 habita,
375 1455 453 1534 jam
450 1453 609 1513 dudum
598 1472 630 1513 ιιι
651 1453 782 1514 diversas
803 1452 956 1514 coiverunt
976 1438 1148 1532 societates,

129 1559 221 1619 variis
242 1576 311 1618 sese
331 1556 525 1647 subjecerunt
541 1555 776 1653 Magistratibns,
795 1553 1016 1636 peculiariaque
1036 1576 1092 1638 pro
1112 1577 1148 1620 ae

128 1662 329 1741 impetrarant
349 1656 527 1737 Privilegia:
554 1658 597 1718 ita
627 1658 659 1716 in
686 1656 776 1716 rebus
804 1656 842 1716 ad
862 1656 1036 1736 religionem
1055 1660 1149 1740 proli·
1256 1656 1262 1666 ’

129 1762 252 1824 tendam
283 1767 315 1821 et
346 1760 562 1845 excercendum
587 1758 772 1838 formamque
805 1777 957 1820 sacrorum
996 1767 1149 1824 externam

131 1863 361 1945 pertinentibus,
391 1840 494 1941 plures
525 1868 628 1921 coetos
650 1861 727 1920 sacri
748 1859 880 1939 singuli,
897 1861 1065 1941 peculiares
1086 1861 1151 1924 l'or-

133 1971 253 2027 marunt
282 1960 429 2037 familias,
460 1981 553 2042 quas
550 1961 816 2022 &manitatem
844 1954 1000 2023 nomine
989 1965 1150 2046 mdgnive-

133 2073 213 2139 nant.
256 2065 352 2125 Erant
371 2082 444 2125 vero
465 2064 501 2124 in·
521 2063 667 2144 Scepusio
687 2063 777 2155 hujus
797 2066 915 2144 generis
936 2064 1151 2128 Fraternitates
1223 2134 1227 2143 ,

119 2174 169 2230 »ct
189 2153 258 2228 ante
278 2165 419 2227 Seculum
433 2165 512 2227 XVI.
535 2171 582 2226 et
587 2162 794 2246 aliquamdiu
784 2184 854 2246 apso
870 2166 929 2229 hoc
949 2167 1052 2228 seculo
1071 2176 1151 2247 octo,

136 2282 259 2350 quarum
298 2273 457 2348 postquam
488 2286 547 2328 una
575 2300 620 2313 ··-
648 2260 927 2328 Liblovieusis'-
966 2269 1152 2348 pedetentim

137 2371 320 2444 evanuisset,
343 2368 446 2430 seculo
467 2369 564 2431 adhuc
584 2356 677 2430 XVII.
699 2372 826 2449 'septem
856 2375 1052 2449 supererant,
1081 2371 1154 2432 licet

104 2540 107 2549 ,
136 2484 278 2533 numerus
299 2471 504 2532 Ecclesiamm
536 2470 574 2530 ad
602 2469 734 2549 singadas
765 2471 974 2550 pertinentium
994 2505 1038 2517 -
1056 2462 1154 2552 prima

137 2580 263 2654 excepta
283 2606 326 2617 -
347 2574 484 2646 variaret,
503 2577 593 2652 prout
613 2570 770 2632 nonnullae
791 2571 946 2632 Ecclesiae
965 2573 1014 2632 sel
1034 2574 1065 2634 in
1086 2572 1153 2636 Ma·

127 2684 216 2740 arum
237 2678 414 2756 dignitatem
433 2675 554 2737 fuerant
574 2681 705 2751 evectae,
725 2675 773 2736 vel
794 2674 833 2736 ad
846 2675 990 2738 Filiorum
1010 2676 1154 2738 conditio·

123 2797 206 2841 mem
228 2778 400 2858 depressae.

225 2879 331 2940 Primo
351 2886 449 2941 οι-
404 2879 574 2958 ·-partim
596 2878 634 2939 ob
655 2846 840 2954 uetustatem,
861 2879 970 2959 partim
990 2874 1074 2940 ob
1050 2899 1154 2943 nume-

137 3001 206 3044 rum
226 2988 374 3057 coetuum,
404 2984 512 3062 partim
533 2982 572 3042 ob
593 2981 755 3061 peculiaria
775 2980 933 3060 Privilegia
958 2980 1090 3063 luraque
1110 3016 1154 3028 ·-

139 3082 386 3166 apectotlsor'mo‚
430 3090 502 3145 erat
532 3082 733 3145 Fraterattaa
769 3080 888 3163 Viginti
919 3082 1061 3171 Quotam
1091 3084 1155 3146 Ila-
1267 3126 1270 3130 -

139 3185 260 3267 galium
282 3184 505 3261 Halanorum,
538 3183 684 3264 adquam
706 3204 724 3245 e
744 3202 867 3245 numero
888 3184 1001 3265 Viginti
1023 3187 1157 3262 Quatuor

138 3284 297 3366 Regnum
318 3285 475 3348 civitatum
501 3284 617 3346 Terrae
639 3284 864 3364 Scepusiensis,
896 3286 998 3367 viginti
1027 3295 1059 3349 et
1086 3308 1153 3362 uua,

98 3401 102 3409 '
141 3407 198 3451 eae
219 3389 331 3468 quippe
350 3386 574 3462 referebantur,
601 3406 677 3467 quae
696 3384 833 3448 Plebanis
853 3389 915 3449 suia
936 3387 1055 3468 frugum
1076 3396 1154 3451 cant-

139 3492 285 3574 pestrlum
306 3489 437 3550 decimas
456 3489 657 3563 reddebant,
683 3488 803 3549 adscitis
834 3490 1031 3570 practerea
1020 3510 1052 3550 ιιι
1083 3511 1154 3552 con-

140 3593 304 3655 sortionem
324 3591 420 3652 tribus
440 3591 543 3671 pagis,
571 3590 676 3651 eadem
696 3592 876 3677 necessitate
896 3591 1041 3671 obligatis.
1093 3593 1156 3652 Ea
1245 3577 1248 3584 ’

138 3713 208 3756 rom
227 3695 339 3755 seriem
358 3693 402 3753 ita
421 3711 617 3773 expouaauus,
645 3697 680 3753 ut
698 3693 826 3773 primum
847 3691 988 3777 Civitates
1016 3713 1070 3754 seu
1092 3694 1154 3774 Op-

140 3796 221 3883 pida,
250 3795 359 3856 deinde
389 3795 470 3857 vicos
500 3813 771 3857 commemoremus.
834 3793 891 3855 usa
920 3813 994 3856 varo
1023 3796 1152 3857 omnium

143 3897 217 3959 ordo
237 3898 306 3959 hic:
349 3898 379 3959 1.
398 3896 607 3972 Leutschovia,
628 3891 790 3980 (Leucae,
810 3895 952 3968 Lewcaa,
974 3895 1153 3989 Lenmchau,

143 3995 250 4076 Lucae,
269 3995 422 4084 laeuoct).
461 3998 494 4061 2.
515 3995 788 4083 Olaaalumffllla
808 3998 921 4072 lustina,
943 3996 1022 4059 Villa
1041 3994 1152 4067 italica,
