2544 4694
543 418 565 429 ,
616 337 744 429 1⁰22.

137 500 286 565 Jmlieinm
305 502 364 567 boc
385 505 576 568 constitutum
596 505 703 581 fuerit,
725 526 777 569 eos
799 506 831 568 in
850 509 993 590 pristino
1019 527 1152 572 conserta

136 614 194 667 ret.
238 604 432 688 cognitores,
465 629 590 690 qrrorurn
620 611 832 671 mittendorum
861 610 1076 673 Nostratibns
1105 632 1152 695 spa

137 705 196 772 tuit
224 710 312 785 faeta,
343 709 450 771 l‘unlus
480 709 600 783 bened,
631 711 788 791 lustigator
819 710 945 793 llegni,
982 719 1019 775 et
1053 712 1150 776 canu

136 812 311 873 Frarrciscus
342 811 410 872 Salo
439 812 478 873 de
510 812 644 887 Gnosso,
679 812 872 873 Corrsiliarius
909 813 1060 894 Regius,
1089 816 1150 879 sind

136 914 275 994 lgloriam
302 914 467 973 vertissent:
497 912 658 973 'l'redecim
679 912 826 993 Oppidani
847 915 915 989 eis,
947 916 1008 977 die
1031 917 1085 978 31.
1105 917 1149 978 de

136 1016 222 1077 1747
257 1015 441 1075 tradiderunt
480 1016 611 1077 libelbnu
658 1016 841 1097 supplicem,
885 1038 949 1097 quo
1001 1021 1147 1101 singubtir

135 1124 340 1197 argumentum
374 1116 525 1196 Rescripti
579 1117 871 1178 Administratoriulis
911 1119 941 1179 d.
990 1122 1049 1182 2⁰.
1091 1121 1145 1183 tut

135 1220 219 1281 lm
255 1225 428 1293 recensent,
481 1228 569 1299 utapro
602 1227 785 1300 quantopere
828 1222 961 1300 qrrodtis
1016 1231 1144 1305 pometuu

134 1322 333 1383 eonscientiae
354 1323 523 1382 instinctum
545 1322 643 1397 uiolet,
666 1322 784 1396 docent,
806 1325 939 1385 rationes
969 1328 1015 1387 ob
1040 1344 1145 1408 qumtt

67 1436 70 1443 '
135 1430 270 1503 gmautos
291 1425 433 1496 sentiunt,
455 1424 601 1499 adferunt,
623 1431 775 1503 postremo
801 1446 835 1486 se
856 1446 929 1487 curo
955 1433 993 1489 et
1016 1436 1099 1491 mein
1114 1447 1144 1490 rt·

135 1525 226 1588 levari
247 1532 361 1605 rogant.
411 1524 571 1585 Praeterea
601 1527 783 1586 contendunt
809 1525 846 1586 ab
878 1528 916 1588 iis
951 1529 1153 1613 proscissum.

133 1627 279 1710 praestari
305 1636 470 1707 trequerurt3
498 1628 584 1688 Jnssa
607 1628 852 1690 lndnunirsliana
879 1647 1043 1712 nunquam
1071 1609 1153 1695 tute'

135 1733 290 1791 observata
311 1730 525 1808 praetenduut3
553 1749 664 1810 poenas
687 1729 808 1790 decreto
829 1731 1143 1797 Administratorisir

132 1840 267 1912 rogatas,
289 1832 401 1890 aerario
423 1848 459 1889 eo
481 1850 625 1890 summum
647 1831 857 1891 detrimentrnn
879 1831 1024 1896 illaturus
1058 1836 1143 1897 conb-

134 1940 223 2007 mant,
247 1930 324 2012 quod
346 1931 405 1991 illis
428 1933 573 1992 stantibus
596 1933 763 1993 necessario
790 1934 871 1994 circs
902 1934 942 1994 ad
976 1937 1092 1999 incitas
1114 1957 1142 1999 rr

134 2035 195 2115 digi
216 2034 352 2093 debeant.
397 2034 496 2111 Quare
530 2035 556 2093 si
584 2034 652 2094 novi
679 2034 797 2095 favores
825 2036 863 2095 iis
893 2040 1032 2101 concedi
1063 2040 1144 2121 nequi

132 2143 210 2211 rent,
231 2136 383 2195 minimum
404 2154 440 2196 eo
470 2135 536 2194 loeo
562 2135 654 2213 linqui
687 2143 787 2211 orant,
816 2156 874 2216 qrro
902 2136 1040 2203 suerrrnt
1068 2140 1153 2206 nun.

131 2238 264 2311 misello,
286 2236 323 2296 ad
344 2235 518 2315 oppidorum
540 2236 653 2295 elarrnn
674 2236 808 2297 sedente.
851 2236 1052 2303 coaluerunt
1069 2248 1153 2320 autem

133 2339 164 2398 in
185 2336 387 2418 componendo
408 2336 508 2396 libello
530 2337 625 2396 boeee
646 2343 677 2397 et
698 2338 775 2397 sacri
797 2343 827 2397 et
849 2338 946 2400 civilis
964 2342 1090 2405 ordinis
1103 2321 1153 2440 vll:

133 2439 272 2500 Pastores
294 2438 515 2518 proponebant:
547 2438 674 2516 primrun
701 2457 814 2498 morem
843 2438 1034 2520 invaluisse,
1070 2443 1147 2507 utd

132 2544 168 2603 iis
189 2560 341 2602 sacrorum
359 2539 516 2613 blinistris,
538 2540 587 2617 qui
610 2539 750 2600 aliorsum
770 2546 921 2617 vocentur,
947 2548 1098 2623 quaesito
1116 2564 1147 2608 ct

130 2643 196 2704 lure
217 2642 329 2702 tutelae
350 2647 381 2701 et
402 2640 557 2700 clientelae
579 2660 635 2718 qua
656 2641 824 2717 utebantur,
844 2661 900 2702 nee
923 2646 1036 2708 minus
1060 2669 1081 2710 a
1100 2666 1147 2711 eor

130 2746 209 2806 tibus
232 2763 287 2822 pro
309 2742 467 2801 oldineudu
488 2746 655 2818 potestate,
686 2742 717 2801 iu
738 2742 918 2803 discedentis
943 2744 1059 2811 locum
1081 2750 1147 2812 aliu

129 2846 270 2918 vocandi,
293 2851 393 2905 certae
414 2862 568 2902 munorum
589 2862 745 2902 ostreorum
766 2862 878 2903 summa
900 2850 1146 2930 extorqueretur

130 2948 239 3008 deinde
259 2966 317 3005 non
347 2964 415 3004 esse
441 2943 581 3017 liberum,
613 2963 650 3002 ex
681 2962 740 3003 uuo
768 2944 930 3005 Tredecim
966 2946 1146 3030 Oppidum

129 3050 168 3110 ad
190 3049 283 3122 aliud,
310 3048 442 3127 legitima
463 3046 535 3105 licet
554 3046 707 3105 vocatione
728 3045 845 3120 oblata,
867 3046 973 3124 abire;
1007 3061 1087 3131 post
1110 3054 1145 3115 h

130 3158 227 3213 stores
250 3155 281 3211 et
301 3149 446 3208 Paroecos
468 3153 608 3224 respectu
630 3146 732 3207 Stoloe
754 3149 952 3210 vehementer
982 3157 1145 3237 aggi-acub

129 3254 270 3332 amplius,
300 3250 488 3323 pastoribus,
517 3249 543 3308 si
572 3249 602 3307 in
623 3248 757 3310 morbum
779 3248 907 3324 eadunt,
938 3260 1144 3320 necessitato

129 3356 241 3435 imponi
272 3352 448 3413 Sacerdotes
478 3350 646 3410 catholicos
675 3351 865 3425 arcessendi3
897 3362 1074 3429 praeterea
1101 3378 1144 3421 a*

128 3457 299 3519 trimonium
320 3453 487 3513 ineuntibus
509 3451 720 3532 Jusjurandum
742 3452 908 3527 decretale,
933 3458 1024 3534 quod
1047 3463 1143 3530 vueod.

129 3559 161 3619 in
180 3575 273 3637 regno
295 3555 464 3634 llungariae
484 3554 638 3627 usitatum,
669 3552 804 3627 obtrudi3
837 3552 968 3633 denique
1000 3562 1143 3625 nonnullos

129 3659 268 3721 Pastores
299 3678 316 3717 a
344 3655 496 3717 Judicibus
526 3654 854 3715 Romano-Catholicis
883 3656 917 3715 in
948 3664 1143 3744 percipiendis

130 3761 264 3835 salariis,
295 3778 372 3838 quoe
399 3758 509 3817 tributo
538 3755 614 3816 nihil
635 3756 792 3835 derogant,
815 3756 939 3817 turbari.
986 3761 1053 3827 His
1073 3767 1143 3847 igitar

130 3864 232 3937 malis,
263 3866 297 3920 ut
324 3865 512 3933 occurratur,
544 3859 691 3918 submisse
720 3866 851 3918 orarrmt.
903 3857 1043 3927 Paroeei
1064 3876 1143 3929 autur

131 3964 403 4045 conquerebantur:
425 3961 561 4038 primum,
584 3959 663 4040 quod
684 3964 786 4020 contra
807 3977 909 4020 omnes
925 3959 1021 4043 leges
1038 3975 1143 4031 nnuma
