2544 4694
480 390 661 463 Ι221

129 568 397 635 mano-Catholica
427 568 556 630 obeundi
586 560 804 650 imponeretur,
853 567 965 648 etqui
984 566 1139 629 td=iacere

84 660 87 667 ¹
128 658 313 755 negligerent
332 671 523 752 punirentur,
544 662 716 749 Evangelici
736 688 821 729 soem
841 688 895 729 sua
915 668 973 728 alio
992 675 1139 748 tempore,-
1213 728 1219 738 ,

98 766 104 781 “
129 794 216 856 quam
233 793 292 853 quo
303 773 468 833 Acatholioi
479 773 584 852 pietati
597 772 747 845 vacabant,
768 772 852 831 obire
865 763 1046 851 juberentur
1061 788 1079 829 a
1094 768 1139 830 less

126 875 294 959 gationibus
323 880 355 935 et
381 875 657 954 pertractationibus
679 874 880 953 negotiorum,
907 871 944 932 ad
964 866 1139 951 religionem

126 984 159 1039 et
188 976 345 1038 ecclesiam
365 975 578 1055 pertinentium
605 974 853 1048 excluderentur,
892 978 975 1033 aetus
1001 972 1138 1033 -Stolares

127 1078 200 1139 solis
222 1076 433 1137 Sacerdotibus
455 1074 615 1135 Catholicis
637 1074 845 1149 deferrentur,
876 1074 1139 1154 Goliagiorum'ci-

126 1198 181 1239 aas
201 1176 382 1256 Euangelioi,
405 1177 536 1255 opillces,
557 1176 729 1250 mechanici,
750 1180 941 1250 mercatores,
969 1176 998 1235 ri
1018 1176 1138 1255 privile·

129 1280 246 1360 giomm
266 1278 303 1337 ad
325 1276 563 1355 Theophoricaa,
585 1295 657 1356 quaa
681 1282 792 1350 vocant,
812 1277 1020 1355 processiones
1043 1276 1137 1337 caeri-

127 1380 298 1459 moniasque
327 1396 429 1439 eorum
460 1378 596 1458 religioni
628 1380 809 1459 contrariae,
830 1378 1026 1457 adigerentur.
1069 1378 1138 1438 Me·

129 1480 271 1542 morabile
290 1480 367 1539 hanc
387 1481 418 1538 iu
437 1500 502 1540 rem
522 1513 565 1525 —
591 1485 623 1540 ut
652 1486 834 1540 assertorum
864 1481 1019 1540 veritatem
1051 1498 1137 1560 argu-

95 1576 99 1583 ’
127 1582 235 1643 mentis
257 1580 481 1660 comprobemus
511 1614 555 1627 -—·
586 1586 634 1641 est
657 1580 824 1641 intimatum
852 1579 912 1639 diei
943 1581 993 1640 lt).
1024 1579 1134 1641 liecbr.

128 1682 222 1756 lm,
243 1700 302 1761 quo
322 1678 560 1769 Administrotori
588 1680 760 1741 Provinciae
786 1682 922 1741 Sedecim
954 1681 1138 1763 Oppidordm
1162 1714 1175 1725 --

126 1783 372 1865 Scepusiensium
394 1782 640 1856 demandabotur,
662 1787 695 1841 ut
715 1788 913 1861 „tempestate
933 1783 1139 1863 suscipiendae

126 1883 361 1964 Magistratualis
389 1884 420 1943 in
453 1880 591 1943 Sedecim
612 1883 737 1963 Oppidis
758 1882 991 1944 Restaurationis
1008 1902 1056 1945 ea
1069 1900 1072 1905 '
1084 1902 1138 1967 po-

127 1988 292 2059 tissimum,
313 2002 389 2063 quae
409 2003 465 2065 pro
485 1985 669 2044 incremento
689 1989 721 2043 et
741 1984 936 2046 emolumento
957 1976 1139 2050 orthodoxae

129 2086 218 2149 Fidei
240 2084 413 2147 Catholicae
433 2087 533 2162 utilia,
553 2084 705 2167 proficua,
736 2084 889 2147 commoda
908 2086 976 2150 iore
995 2091 1139 2154 videbun·

129 2200 189 2267 tur,
208 2210 281 2273 prae
301 2188 393 2249 oculis
414 2188 532 2262 habeat,
554 2194 642 2267 atque
659 2186 867 2267 jusjurandum
888 2189 923 2248 ab
944 2190 998 2267 iis,
1020 2193 1071 2271 qui
1091 2192 1140 2254 of·
1262 2248 1264 2253 ,

130 2294 207 2355 liciis
228 2292 361 2353 civilibus
382 2289 621 2363 admovebantur,
642 2287 811 2348 modalitate
831 2292 1015 2371 praescripta
1036 2292 1139 2377 (idest

130 2396 261 2457 adiubita
280 2392 408 2454 formula
429 2387 583 2474 decretali)
604 2391 732 2470 exigat.“
775 2390 965 2455 confirmauit
992 2396 1139 2474 posterio-
1259 2471 1263 2485 Ι

130 2518 196 2559 rem
214 2496 327 2557 hancce
347 2493 475 2554 lntimati
496 2498 619 2571 partem,
645 2491 724 2551 aliud
744 2492 910 2554 lntimatum
931 2495 991 2555 diei
1010 2494 1042 2555 4.
1062 2495 1139 2577 Maji

130 2618 178 2661 an.
201 2596 315 2671 1778,⁸
336 2613 394 2683 prro
414 2594 611 2674 praecipitur,
640 2599 673 2653 ut
701 2595 728 2654 si
754 2596 819 2674 quis
840 2596 1078 2658 Acatholicorum
1106 2598 1139 2661 in

128 2700 265 2762 Judlcem
285 2680 513 2758 vel'consulem
535 2695 657 2769 electus,
676 2695 883 2775 jusjurandum
902 2699 933 2757 in
954 2699 1065 2778 templo
1081 2699 1140 2761 can

127 2802 259 2875 tholico,
291 2797 453 2859 secondum
480 2796 635 2856 formulam
662 2797 842 2858 decretalem
877 2798 949 2860 dare
985 2801 1139 2877 obnueret,

130 2901 253 2964 excluso
273 2901 393 2961 homine
413 2898 483 2972 tali,
511 2898 591 2957 illico
618 2898 655 2957 ad
676 2916 780 2958 novam
800 2899 975 2961 electionem
994 2904 1139 2982 proceda-

128 3010 187 3065 tur.
230 3001 336 3080 Neque
363 3018 435 3060 aero
463 2998 582 3059 suffecit
602 2998 795 3078 Evangelicos
826 3000 985 3077 Tredeoim
1007 3002 1140 3083 Oppida-

129 3124 185 3165 nos
207 3123 224 3163 a
244 3104 352 3163 throno
373 3100 528 3160 novercale
549 3100 644 3160 hocce
671 3099 769 3161 odium
792 3102 929 3182 experiri,
958 3103 1015 3183 ipsi
1036 3104 1140 3165 Admi-

130 3207 305 3266 nistratores
324 3203 494 3283 provinciae
517 3201 655 3261 Sedecim
676 3202 858 3282 Oppidomm
888 3203 1138 3283 Scepusiensium,

131 3306 326 3367 calamitatem
355 3322 456 3364 eorum
485 3322 544 3363 non
572 3322 675 3382 parum
702 3305 858 3383 augebant.
925 3304 1000 3367 Nam
1024 3306 1137 3389 l’anlm

127 3406 233 3467 'l'isata
253 3406 387 3485 quidem,
408 3404 534 3478 Scholis,
555 3409 588 3463 ut
609 3424 663 3463 suo
682 3404 748 3465 loco
774 3405 957 3483 ridebimus,
986 3408 1137 3471 inimicum

128 3527 164 3569 se
184 3506 335 3569 exhibuit:
356 3505 422 3585 ejus
443 3510 549 3577 autem,
572 3504 620 3564 die
640 3504 692 3565 21.
713 3504 780 3565 Oct.
802 3507 1029 3585 rearmatur,
1061 3510 1136 3571 Suc-

127 3624 248 3680 cessor,
269 3604 657 3683 Antonius-Klobussitaky,
690 3624 750 3667 non
770 3612 885 3669 tantum
903 3610 961 3671 bac
979 3610 1011 3671 in
1030 3631 1066 3672 ra
1084 3628 1136 3673 va·

125 3710 215 3789 'stigio
234 3707 431 3767 antecessoris
451 3706 701 3785 persequebatur,
722 3705 777 3766 scd
797 3709 887 3770 etiam
902 3716 1136 3791 -ceterum,'qua

125 3811 242 3871 ratione
262 3812 390 3888 poterat,
401 3806 586 3884 Evangelieis
608 3807 741 3867 nocebat.
783 3808 904 3871 litenim
923 3808 1135 3873 Resolutiones

126 3910 226 3989 regias
246 3909 321 3988 ipsis
341 3907 429 3967 utiles
451 3906 669 3984 supprimebat,
698 3908 808 3986 scripta
828 3928 903 3987 quae
923 3910 952 3971 ai
972 3911 1136 3973 credeban·

127 4016 179 4071 tur
197 4010 235 4071 ad
253 4010 392 4071 thronm
412 4005 627 4087 promovenda,
655 4007 823 4084 detinebat,
852 4010 880 4071 ai
908 4009 946 4071 ad
967 4012 1134 4092 opinionem
