2544 4694
548 427 747 441 Μ..-

143 510 278 593 dooaiogi
304 512 490 593 gobernare,
519 516 638 576 tametsi
669 515 745 577 haee
772 515 839 594 ipss
862 515 1019 578 voluntas
1042 535 1149 596 saepae

141 615 223 675 varie
243 615 413 695 impeditur.
467 613 529 677 Sed
550 635 652 677 verum
672 619 826 692 timorem,
861 617 969 681 tidem
993 623 1029 681 et
1044 617 1149 680 'dileetio

142 735 211 776 nem
232 714 290 777 lter
309 723 480 797 praestare,
511 718 584 779 item
615 718 776 798 Evangelio
809 719 951 780 credere
982 738 1049 781 non
1077 721 1149 781 eati

141 818 252 878 nostris
273 818 400 893 viribus,
417 819 504 899 juxta
524 814 616 880 illustr
647 819 743 880 Nemo
764 820 846 880 novit
868 819 980 881 fllium
1002 822 1064 882 nisi
1083 821 1149 882 Puto

142 924 175 980 et
194 916 313 980 Petram
334 937 421 980 nemo
442 919 500 980 nisi
520 919 622 995 filins,
643 926 675 981 et
696 921 744 983 oui
765 919 845 981 filius
868 921 1014 983 voluerit
1037 923 1149 985 revelon

141 1019 231 1082 item:
253 1020 349 1082 Nemo
369 1020 449 1082 venit
469 1018 507 1083 ad
528 1038 596 1095 me,
617 1020 676 1081 nisi
695 1017 784 1082 Pater
804 1021 942 1084 traxerit
966 1042 1053 1086 enm.

351 1272 417 1338 XX.
456 1275 506 1336 Do
528 1246 724 1337 invocatione
744 1272 955 1357 Sanctorum.
1051 1296 1054 1302 ·

225 1426 349 1490 Sanotos
377 1429 437 1489 vita
464 1426 637 1504 defunctos,
676 1429 755 1490 omni
784 1428 912 1508 quidem
943 1429 1046 1493 lande
1073 1433 1149 1513 digis

140 1546 210 1592 esse
232 1529 392 1612 donemus,
412 1535 446 1591 ut
467 1532 525 1610 qni
539 1531 712 1610 praelucent
726 1530 812 1593 nobis
829 1528 995 1616 pocta-ina,
1018 1534 1148 1612 multisoni

140 1630 301 1711 praeclaris
330 1631 495 1712 exemplis,
528 1638 558 1693 at
584 1638 743 1713 propterea
770 1650 831 1693 non
853 1633 1065 1697 invocandos.
1104 1635 1146 1696 Nn

141 1733 220 1794 enim
245 1732 368 1793 andiunt
387 1738 519 1794 nostram
547 1732 763 1795 invocationem
788 1726 878 1813 juxta
910 1734 997 1796 iliud
1029 1737 1100 1799 Ges.
1115 1733 1145 1795 R

139 1833 290 1897 Abraham
308 1835 405 1896 nescit
425 1853 493 1908 nos,
515 1840 546 1895 et
565 1834 656 1896 lsrael
676 1836 792 1914 ignorat
812 1852 878 1910 nos,
901 1841 938 1897 tn
963 1844 1074 1900 antem
1091 1837 1145 1899 nra

135 1933 228 1998 Pater
246 1941 349 1997 noster
370 1954 415 1997 es.
460 1935 634 1997 Ecclesiast
655 1937 686 1997 9.
729 1933 798 1998 vivi
819 1936 902 1998 enim
923 1940 1038 2001 sciunt
1058 1960 1091 2002 se
1107 1957 1143 2001 as

137 2037 266 2111 ritnros‚
287 2038 396 2098 mortni
416 2055 487 2097 vero
508 2037 582 2096 nihil
603 2037 727 2116 amplius
750 2043 866 2114 norunt,
890 2057 955 2101 neo
979 2043 1010 2104 si
1027 2043 1142 2107 audires

79 2146 82 2151 “
137 2137 249 2198 habent
274 2138 400 2217 aliquid,
430 2137 508 2217 quod
538 2138 570 2202 in
597 2157 651 2199 nos
683 2145 816 2218 erogent.
867 2137 962 2203 Idem
993 2144 1141 2224 prohibet:

138 2240 227 2299 etiam
255 2223 350 2319 primo
382 2245 413 2300 et
445 2240 577 2299 seeundo
607 2239 748 2319 Deoalogi
779 2247 963 2321 praecepto.
1024 2243 1141 2306 Invont't

109 2406 113 2411 ,
138 2342 216 2401 enim
237 2343 315 2401 siout
337 2348 367 2403 et
388 2340 438 2400 alii
459 2340 553 2401 nultus
574 2343 690 2420 primae
710 2341 828 2402 tabulae
849 2343 928 2403 nulii
949 2344 1093 2422 debetur,
1111 2343 1141 2405 rt

135 2441 210 2503 Deo.
263 2440 335 2502 Tria
366 2448 464 2507 autem
497 2442 529 2501 in
557 2443 636 2503 omni
664 2441 850 2504 invocatione
871 2439 954 2526 (nisi
979 2452 1087 2532 pirem
1104 2466 1149 2507 aa:

136 2545 242 2605 berane
274 2538 373 2625 velis)
414 2543 633 2623 requiruntur:
676 2544 814 2606 videlicet
859 2543 1053 2611 Mandatum
1092 2547 1149 2630 quot*

134 2639 270 2724 oportent
290 2647 448 2720 invocare3
480 2645 588 2706 deinde
608 2647 767 2726 promissio
789 2645 868 2726 quod
887 2652 1108 2727 exaudiamur,
1126 2658 1142 2709 rt

133 2745 229 2821 fides,
251 2747 330 2826 qnod
350 2765 406 2806 nos
428 2746 519 2807 simus
540 2746 601 2821 ini,
632 2746 778 2825 aquibus
798 2747 952 2810 invocatio
975 2753 1050 2815 fieri
1071 2755 1141 2815 debet

43 2901 49 2918 ,
133 2844 300 2909 De'sanotis
314 2848 374 2908 vita
390 2846 621 2908 defunctionihil
634 2846 740 2908 horum
747 2847 911 2923 habemus;
929 2871 1011 2934 ergo
1022 2855 1141 2917 invonit

133 2944 327 3024 Sanctorum,
348 2950 465 3010 etiamsi
486 2948 651 3009 idololatria
671 2968 730 3010 non
752 2952 844 3024 esset,
865 2955 976 3014 tamen
1000 2958 1098 3020 inanis
1112 2975 1139 3017 n

132 3070 198 3112 nus.
253 3052 332 3128 Quin
353 3056 385 3111 et
406 3049 517 3112 Patres
531 3052 589 3131 ipsi
611 3042 827 3140 lnvooationem
850 3052 1045 3120 Sanctorum
1065 3078 1138 3141 repre

131 3152 274 3214 hendunt
319 3152 372 3212 Sic
396 3152 475 3213 enim
502 3151 688 3232 Epiphanius
712 3158 813 3214 eontra
835 3153 1066 3224 Colliridianns
1085 3164 1135 3224 sori

132 3255 178 3315 bit
198 3256 237 3319 de
258 3257 344 3315 beata
363 3252 645 3334 Virginethevera
666 3261 801 3316 sanctum
822 3262 889 3317 erat
904 3279 1027 3341 eorpus
1044 3265 1135 3326 Maria

130 3373 193 3415 non
215 3363 314 3416 tamen
335 3355 432 3417 Dens:
453 3375 559 3416 revera
579 3356 663 3435 virgo
685 3363 749 3417 erat
770 3357 835 3436 ipsa
855 3359 947 3441 virgo
961 3371 998 3426 et
1014 3367 1135 3429 nonant

130 3443 309 3518 nouantem
329 3477 384 3537 pro
406 3457 481 3519 osita
502 3464 549 3519 est
570 3458 606 3518 nd
628 3458 838 3535 adorationem,
862 3464 923 3523 sed
942 3466 1017 3546 ipsa
1042 3471 1135 3531 adoran

130 3579 215 3632 eum,
243 3560 293 3638 qui
315 3479 542 3638 oarbgenitns
564 3566 612 3621 est
633 3579 669 3620 ex
691 3579 736 3621 ea.
778 3560 820 3622 nt
840 3561 994 3631 Ambros.
1020 3574 1061 3634 ad
1079 3572 1134 3633 lion

129 3680 195 3741 cap.
218 3661 247 3720 1.
269 3659 373 3723 Solent
393 3661 503 3722 misera
522 3662 566 3721 nti
587 3663 779 3722 excusatione
808 3660 980 3730 dicentes:
1016 3695 1074 3755 per
1091 3676 1135 3736 iso

130 3763 168 3823 iri
189 3763 226 3829 ad
247 3762 353 3837 Deam,
374 3764 451 3823 siout
471 3782 527 3842 per
539 3762 670 3824 Comites
691 3764 865 3843 pervenitur
889 3769 933 3831 ad
947 3769 1135 3858 Regemttp

131 3883 200 3925 rrum
221 3865 293 3945 qnid
314 3871 376 3925 tarn
396 3865 519 3927 demens
541 3871 589 3926 est
610 3865 733 3944 aliquis,
761 3873 794 3928 nt
824 3865 939 3935 salutis
962 3888 1046 3942 snae
1065 3882 1134 3942 imno
