2544 4694
607 403 670 465 ῙΒΊ

115 559 118 565 ’
214 572 312 634 Maria
332 571 471 653 Joseptn,
493 592 569 652 qnae
589 572 723 633 liresdae
740 573 925 652 potissimum
939 582 970 637 et
981 574 1142 639 Varsaviae

91 706 96 716 ·
129 676 260 749 visebat,
292 674 453 735 Andrecm
480 672 520 735 dc
543 673 743 736 lllooacsenne
766 674 990 750 Moozczenslei‚
1023 677 1143 757 Capita-

90 784 98 821 ;
131 796 221 838 neum
241 778 448 851 lirestensem,
478 776 589 858 (lujano
610 783 668 837 etc.
689 796 746 838 nco
766 797 824 837 non
843 777 956 858 Regiae
976 776 1144 861 Majestatis

90 886 100 926 ¹
132 878 343 955 camerarium,
365 881 396 939 in
418 878 627 959 Capitoneatua
647 879 852 960 Scepusieasis
867 880 1144 943 Administratorem

90 989 102 1049 l
130 973 326 1042 nominavit*
343 980 440 1055 lluic,
461 981 499 1041 ad
521 980 695 1060 Scepusium
717 980 830 1056 delato,
856 981 1013 1043 Nostrates
1034 982 1146 1063 suppli-

90 1092 103 1134 !
129 1088 251 1157 carunt,
281 1088 316 1143 ut
336 1062 463 1143 bberum
483 1083 635 1162 religionis
657 1084 850 1157 exercitium,
880 1083 917 1143 iis
938 1084 1082 1145 intectum
1100 1086 1145 1145 in-

129 1190 309 1263 tegrumque
336 1184 495 1263 linqueret.
547 1184 706 1246 Enimvero
740 1183 950 1245 Moszcaenslri
977 1184 1086 1266 lglovia
1113 1184 1143 1247 d.

129 1284 185 1346 25.
207 1283 309 1345 Martii
330 1284 414 1345 1745
433 1285 602 1365 rescripsit,
631 1304 698 1346 cam
715 1286 767 1367 jus
789 1287 825 1346 ad
846 1287 943 1347 hocce
963 1288 1144 1363 exercitium,

124 1373 215 1447 'nullo
242 1386 432 1467 probaverint
460 1386 635 1467 Privilegio,
661 1407 695 1449 se
717 1387 836 1468 quidem
856 1408 972 1449 omnem
993 1408 1145 1450 sacrorum

129 1506 219 1551 usum
248 1488 281 1551 ln
307 1488 466 1550 Trcdecim
496 1488 623 1569 Oppidis
651 1491 795 1570 abrogare
816 1510 924 1571 posse,
955 1490 1144 1553 nibilominus
1250 1512 1256 1524 ·

90 1606 95 1647 ι
129 1596 233 1653 tamen
254 1608 289 1651 ae
307 1610 422 1673 „opere
443 1592 642 1653 conversionis
665 1592 703 1652 de
723 1592 849 1653 relicto“
868 1592 944 1652 nihil
963 1598 1145 1655 moraturum

90 1722 92 1736 =
129 1710 212 1767 esse,
232 1691 479 1771 Evangelicorum
499 1693 531 1753 in
552 1693 677 1773 Oppidis
697 1693 800 1768 bisce,
820 1692 892 1753 Jura
913 1694 951 1754 ad
971 1694 1145 1775 religionem

129 1794 329 1857 exercendam
349 1795 537 1876 pertinentia,
559 1796 589 1856 in
609 1796 734 1875 pristino
755 1793 850 1879 (statu
868 1791 941 1879 quo)
961 1816 1145 1872 conservare,
1193 1784 1196 1790 ¹

124 1896 222 1959 modo
251 1896 425 1977 Evangelicl
455 1896 639 1977 Oppidomm
671 1898 780 1959 borum
812 1897 1012 1975 habitatores,
1048 1900 1146 1960 omnia

130 1996 263 2072 Puncta,
298 1997 452 2073 canones,
485 1998 639 2060 Clausulas
668 1999 700 2059 in
720 1999 854 2059 favorem
875 1999 1094 2061 catholicorum
1114 2002 1146 2060 in

90 2079 316 2179 ”’1ἰ·ἰιί1οςῖίιι,
337 2098 490 2174 Decretis,
512 2099 766 2161 Declarationibus
788 2102 1010 2181 quibuscunque
1030 2106 1147 2162 exstan-

131 2200 191 2276 tis,
222 2199 390 2261 observent.
443 2201 612 2281 Evangelici
640 2200 799 2262 Tredecim
827 2202 975 2282 Oppidani
1002 2201 1146 2283 Reginam

133 2300 358 2365 clementiorem
370 2302 500 2364 futuram
510 2305 577 2379 rati,
598 2304 637 2364 ad
653 2324 719 2364 eam
729 2304 830 2364 libello
841 2304 869 2364 d.
886 2304 937 2365 21.
952 2303 1046 2383 April.
1063 2301 1147 2364 1745

133 2404 273 2467 confecto
290 2404 479 2485 profugiunt,
500 2411 663 2486 petuntque
685 2426 719 2467 se
740 2407 814 2467 solvi
833 2408 870 2467 ab
892 2405 1071 2485 obligatione
1090 2406 1147 2465 im·

132 2506 251 2587 posita,
276 2507 413 2568 mittendi
437 2507 549 2568 liberos
569 2509 600 2567 in
621 2506 746 2588 Templa
767 2507 937 2582 catholica,
959 2507 1029 2567 dum
1047 2508 1079 2567 in
1099 2506 1147 2568 bis

133 2608 265 2670 Scholae
276 2606 484 2669 catechetieae
499 2608 655 2683 habentur,
678 2610 786 2689 quippe
804 2608 863 2669 hoc
876 2608 954 2688 qnod
965 2606 1147 2670 tantumdem

133 2716 228 2785 esset,
250 2716 338 2791 atque
352 2710 491 2790 parvulos
512 2711 605 2771 sacris
620 2708 771 2769 Romanae
785 2709 942 2770 Ecclesiae
961 2710 990 2770 vi
1007 2708 1147 2770 addicere

132 2812 231 2887 velle3
247 2813 355 2874 deinde
367 2832 434 2873 cum
446 2813 477 2872 in
484 2813 679 2893 jurejurando
687 2811 812 2873 dicendo
823 2812 977 2891 adigantur
992 2810 1146 2872 adformu-

132 2906 1035 2993 lamreligionisueeoontrariamadhibendaml'astoriquead
1043 2912 1149 2994 aegros

134 3022 170 3081 in
190 3020 312 3081 articulo
331 3018 436 3078 mortis
458 3017 633 3079 constitutor
655 3017 751 3076 aditus
780 3022 906 3095 negetur
931 3021 1020 3095 atquc
1042 3015 1149 3077 Sacer·

137 3120 209 3183 dote
228 3119 402 3182 adveniente
421 3124 575 3200 parentes,
596 3118 701 3195 liberi,
721 3118 894 3199 propinqui,
915 3117 974 3197 ipsi
994 3117 1148 3198 conjuges,
1180 3122 1184 3129 '

137 3222 191 3304 qui
209 3241 357 3301 nunquam
376 3241 446 3283 sese
467 3220 661 3282 derelicturos
672 3222 824 3302 jurarunt,
846 3238 952 3281 exesse
968 3218 1147 3299 jubeanturz

138 3330 226 3387 orant
246 3324 394 3403 abrogatis
415 3324 546 3385 decretis
567 3321 820 3383 Lubomirskianis
840 3327 872 3382 et
891 3320 1147 3382 Administratoris

137 3426 359 3501 llloszcaensli,
380 3446 455 3507 quae
475 3428 535 3486 vim
554 3426 741 3487 conscientiis
756 3416 910 3500 inferunt,
929 3444 948 3483 a
968 3422 1148 3485 necessitate

134 3530 187 3591 illo
206 3529 380 3589 liberentur.
388 3529 469 3589 »Aa
488 3528 621 3589 libellum
641 3528 730 3601 hunc,
750 3524 866 3607 Regina
885 3524 959 3585 nibil
979 3525 1165 3606 rescripsit;=

135 3631 204 3693 Iler
224 3650 296 3692 uero
323 3629 418 3691 literis
440 3630 478 3691 ad
499 3628 776 3691 Administratorcm
797 3627 827 3687 d.
847 3628 878 3687 o.
899 3626 970 3687 Julii
991 3624 1075 3687 1745
1095 3624 1148 3686 da-

134 3734 192 3809 tis,
225 3733 386 3794 'tredecim
419 3732 583 3813 oppidanis
612 3730 714 3792 itidem
735 3729 845 3810 aperiri
861 3729 967 3811 jussit,
989 3747 1024 3790 se
1044 3746 1096 3789 eos
1116 3728 1149 3787 iu

136 3854 193 3897 usu
212 3835 384 3897 libertatum
405 3840 438 3895 ct
466 3834 704 3916 privilegiorum,
733 3833 777 3893 eis
805 3832 936 3913 pristinis
964 3830 1147 3911 temporibus

137 3956 365 4011 concessorum,
400 3956 576 3998 conseruare
602 3935 688 3997 velle.
742 3932 816 3995 lude
842 3934 979 4016 judicare
1009 3936 1147 4014 poterant

138 4036 297 4103 'l'redecim
326 4039 477 4121 Oppidani
495 4038 684 4120 blvmgelici,
714 4056 803 4119 quam
822 4054 927 4117 parum
946 4034 1108 4117 adjumenti
1129 4052 1147 4092 a
