2544 4694
182 200 189 233 i

541 309 742 401 -..ἐξ

133 485 215 543 stare
236 480 322 560 pulso
342 480 462 559 tempta,
484 486 614 541 actutum
635 480 697 564 rita·
705 476 861 557 Ecclesiae
877 477 1055 545 csffiobm
1075 477 1160 543 insc-

9 568 12 573 ¹
134 582 326 662 gnrabantur.
335 580 510 661 inaugurato
521 578 793 642 autem—etiamsi
804 581 869 660 ipss
879 580 944 641 fora
954 588 1162 661 agnoscerem

135 683 334 763 perinjurium
342 682 425 743 nobis
433 681 527 743 saise
535 681 827 762 erepto-amplius,
835 680 1161 762 qaodinaugurationis

134 783 209 844 ritus
226 786 367 857 obstaret,
383 783 468 843 reddi
487 801 543 842 non
557 799 647 861 posse
663 781 692 840 d.
716 781 946 843 1111161774
968 783 1163 845 ediccbctnr.

219 886 266 946 Ne
287 905 354 945 carn
368 885 496 945 ¹aedibus
518 885 628 959 sacris,
659 884 806 958 turribus,
832 886 1000 964 parochiis,
1032 886 1162 962 scholis,

136 987 322 1047 coemeteriis
368 987 427 1046 arlia
468 987 670 1065 susciperetur
713 984 853 1061 mutatio,
899 987 1161 1066 praecipiebatur.

135 1088 243 1149 Edicta
264 1088 376 1147 haecce
398 1087 520 1166 adipso
542 1087 617 1146 adeo
638 1091 728 1162 tecta,
750 1087 855 1166 quibus
877 1088 943 1148 sine
961 1089 1054 1166 yonis
1076 1089 1163 1175 regis

3 1204 6 1209 ·
136 1188 271 1249 aedificio
305 1189 454 1248 instrucre
486 1206 545 1248 non
576 1186 703 1261 licebst,
744 1187 978 1249 extendebantur
1010 1188 1066 1249 28.
1103 1188 1164 1251 dut

136 1287 239 1365 1716,
262 1289 312 1351 12.
334 1289 410 1370 Maji
432 1289 525 1350 1767.
567 1288 614 1348 Ne
641 1287 789 1348 incendio'
805 1289 923 1368 quidem
950 1287 1053 1351 deleta
1077 1280 1165 1353 sodi-

138 1392 208 1451 ficia
229 1391 431 1451 ecclesiastica
461 1391 528 1451 siae
549 1391 743 1451 concessione
762 1391 895 1470 regia'd.
907 1388 958 1451 26.
968 1389 1064 1452 Febr.
1074 1388 1166 1456 sm

135 1492 301 1552 instaurare
332 1492 449 1553 licebat
514 1491 672 1553 Nostrates
698 1492 730 1552 irr
762 1492 903 1552 aedificiis
931 1492 1168 1573 ecciesiasticis,

134 1594 254 1674 propris
271 1594 445 1655 anctoritate
465 1594 611 1673 ponendis
632 1600 683 1654 aut
696 1594 903 1668 instaurandis,
920 1615 976 1675 per
992 1592 1167 1675 Magistru-

134 1702 198 1756 tum
217 1694 354 1774 impediri
372 1694 554 1774 jubebantur
573 1693 604 1755 5.
624 1692 696 1754 Julii
718 1695 811 1755 1716.
854 1695 887 1755 Si
906 1695 1090 1775 Evangelici
1113 1690 1166 1789 np-

137 1794 308 1856 cessitatem
328 1796 486 1875 reparandi
506 1795 641 1856 aedificia
655 1794 857 1856 ecclesiastica
873 1795 1114 1875 Magistratibns
1135 1806 1165 1863 et

135 1895 246 1957 bomini
268 1895 444 1957 dioecesano
466 1897 635 1958 evicerunt:
662 1904 762 1957 tamen
792 1897 891 1957 multis
920 1899 1072 1978 impensis
1102 1920 1165 1963 ms-

135 2016 254 2076 guoque
275 1997 418 2076 pstientia
439 2017 513 2077 opus
536 2004 619 2073 erat,
650 1997 836 2076 usquedum
856 2003 988 2078 potestas
1011 2019 1050 2061 oa
1074 2020 1164 2064 rens·

134 2098 235 2172 randi,
258 2098 401 2159 altissimo
421 2098 489 2160 loco
510 2100 702 2161 tribueretur.
744 2098 868 2178 Insuper
894 2100 1031 2161 Oratoria
1055 2110 1164 2166 rtostrs

134 2199 260 2261 formam
281 2200 461 2267 borrcorum'
477 2207 509 2262 et
529 2221 664 2262 arearum
693 2184 872 2262 obtinebant.
926 2202 959 2264 ln
985 2204 1162 2267 subsidium

135 2302 346 2363 struendorum
367 2303 570 2363 aedificiorum
592 2302 860 2363 ecclesiasticorum
885 2302 971 2363 nefas
992 2304 1057 2366 fuit
1080 2308 1164 2387 ipso-

133 2424 200 2464 rum
230 2406 321 2465 etiam
348 2404 421 2463 fidei
447 2411 633 2480 consortum,
662 2404 701 2465 ad
728 2404 899 2466 Paroeciam
919 2425 977 2466 non
997 2411 1165 2486 pertinen-

133 2506 227 2580 tium,
249 2524 338 2585 opem
358 2512 389 2565 et
410 2505 550 2566 auxilium
571 2505 740 2586 implorare.
792 2506 838 2567 Ne
866 2496 985 2587 cuidem
1014 2509 1049 2569 in
1074 2511 1164 2573 flam·

91 2678 96 2692 (
132 2608 187 2666 mis
203 2606 336 2668 absumta
357 2605 493 2667 aedificia
514 2607 719 2668 ecclesiastica
738 2609 901 2669 reficienda
918 2608 1075 2688 symbolas
1099 2613 1164 2675 fra-

133 2714 212 2767 trum
233 2707 304 2767 fidei
324 2708 459 2787 flagitare
488 2708 538 2769 12.
560 2709 655 2788 April.
679 2710 776 2786 1728,
805 2711 835 2787 9.
857 2709 947 2772 Mart.
970 2718 1000 2772 ct
1021 2712 1081 2775 19.
1099 2714 1163 2775 an

134 2806 236 2885 1775,
269 2810 319 2870 19.
341 2809 431 2870 Mart.
464 2810 564 2886 1779,
594 2812 645 2871 19.
666 2811 724 2871 Jul.
746 2812 829 2873 1777
864 2814 1044 2893 permissum
1082 2826 1162 2881 erat.

134 2908 298 2970 Praeterea
318 2908 507 2989 Nostratibus
529 2930 602 2972 onus
634 2913 852 2991 imponebatur,
885 2914 920 2974 ab
952 2913 1110 2991 Oratoriis
1129 2904 1176 2979 d'

131 3012 162 3071 2.
184 3011 252 3072 Oct.
276 3012 359 3073 1769
388 3012 523 3088 Modiac,
562 3013 743 3075 aParochia
771 3034 825 3096 pro
854 3017 937 3076 annis
965 3016 1008 3076 46
1037 3017 1163 3103 elapsis

132 3110 292 3209 Cremnicii
314 3134 359 3174 aa.
381 3116 465 3176 1767
486 3117 627 3177 tributum
647 3117 810 3199 pendendi.
847 3115 980 3180 Vetitum
994 3126 1065 3182 erat
1088 3136 1164 3185 'coe-

121 3217 254 3278 meteria
290 3216 468 3296 Euangeliou
506 3219 646 3298 cingere,
684 3219 714 3280 d.
736 3220 787 3279 28.
808 3219 873 3279 Jan.
907 3219 1024 3295 mo,
1049 3223 1083 3283 d.
1108 3224 1164 3287 lb.

128 3316 307 3379 dan-mit.
354 3356 356 3363 ·
447 3348 450 3353 ·
1011 3344 1014 3349 ·
1161 3370 1164 3375 .

128 3465 131 3470 .
192 3418 246 3479 Jus
275 3418 456 3481 Sacellorum
482 3421 682 3483 nobilitarinm
710 3421 844 3483 Atticum
872 3423 923 3483 26.
954 3421 1163 3491 Comiticmr'ri

5 3566 8 3579 .
130 3521 198 3580 anni
230 3521 310 3580 1681
334 3540 526 3597 concessum,
560 3525 602 3583 ita
631 3524 808 3598 finiebatur,
847 3531 881 3586 ut
912 3524 960 3585 vel
988 3518 1166 3607 negaretur

8 3682 11 3695 ,
129 3627 262 3701 potestas
271 3623 491 3684 concionatores
508 3624 618 3686 aulicos
633 3624 741 3699 ciendi,
763 3632 851 3706 atque
872 3626 972 3704 ullum,
993 3626 1031 3687 ad
1055 3630 1177 3711 ipsun·

129 3724 226 3783 onam
246 3741 304 3785 non
326 3726 524 3803 pertinentem
545 3727 584 3786 ad
609 3745 693 3787 saara
718 3727 892 3813 admittendi
919 3714 1181 3811 (ιιιιιι.1688--Ι

120 3822 228 3908 ,1691)
259 3826 310 3887 28.
339 3826 434 3906 April.
463 3828 564 3903 1741,
595 3828 625 3888 2.
654 3828 727 3889 Nov.
759 3831 858 3904 1732,
886 3832 937 3892 'rei
964 3833 1054 3894 verrin
1079 3834 1164 3899 ona

128 3929 203 3988 toria
226 3928 295 3990 tatia
319 3929 469 4003 struendi,
501 3930 584 4008 gravi
615 3948 685 3991 aere
719 3928 894 4012 (tercentis‘r
908 3933 993 3996 aden·
1015 3935 1162 4015 florenis,
