2544 4694
608 370 672 433 220

131 546 186 607 aiis
207 544 350 621 bordsquc
370 538 599 615 aeclesiasticis,
641 560 716 619 qnae
745 540 916 618 prosscdcre
948 542 985 599 in
1016 550 1157 605 momcnb

132 645 273 707 uanaitns
311 642 358 703 ιιιί
394 641 432 701 ad
470 639 629 701 dominium
664 641 744 699 Suae
779 639 965 719 Majcstatis
998 642 1156 723 lmperialir

133 745 248 825 Regiae
278 749 310 805 et
328 741 517 821 Apostolieae
545 760 649 801 merrae
669 742 840 821 Septembri
861 760 916 801 an.
947 742 1056 803 1772.
1110 744 1155 805 Ne

132 864 191 926 que
226 844 287 905 Sua
315 842 459 922 blajestas
486 841 606 901 Juribus
635 861 766 901 srunmnc
803 843 976 922 potestatis
1016 844 1053 903 in
1083 864 1154 925 prae

10 940 13 945 ’
118 946 277 1028 judicium
303 944 405 1004 Status
434 962 491 1022 qno
530 942 609 1003 eirca
650 942 836 1021 Religionem
868 942 1154 1007 Dissidentinmet

134 1046 387 1111 Non-Unitorum
399 1045 431 1106 in
452 1045 622 1125 regionibus
643 1064 733 1126 supra
753 1044 841 1105 dietis
862 1064 1013 1126 unquam
1037 1053 1139 1111 utetur.

418 1403 634 1456 Psaronus
682 1418 855 1460 unsara.

134 1538 158 1589 A
177 1534 309 1589 'l'redecr‘na
325 1532 430 1603 oppidis
442 1535 538 1603 Regno
552 1534 710 1603 Haegnriee
722 1535 856 1597 restitutis,
869 1552 961 1605 usquc
978 1538 1022 1591 aad
1033 1547 1151 1607 perenn

135 1626 255 1675 coetuum
280 1636 428 1681 sacrorum,
454 1618 604 1670 Seniorntni
630 1619 764 1670 Tredecim
791 1618 934 1687 Oppidana
964 1624 1150 1683 attributam,

135 1702 340 1757 Eecteainstlecna
356 1702 548 1765 Βιιιηιίοιιιι,
574 1719 699 1754 renonum
721 1720 826 1757 nonnae
847 1708 1108 1771 accommodaturos,-
1120 1724 1150 1761 ιιι

484 1788 516 1839 ab
540 1806 565 1839 α.
581 1792 648 1839 1⁷72
663 1814 698 1825 -
716 1792 790 1840 leon.

130 1940 133 1945 Ι
219 1960 303 2038 Quae
322 1959 413 2019 fuerit
433 1960 563 2021 conditio
584 1958 827 2039 Evangelicorum
846 1960 878 2019 in
901 1959 1085 2027 Tredeeim
1104 1964 1150 2045 (lp

133 2060 222 2143 pidia,
245 2060 346 2121 Mane
371 2060 516 2122 Tbereaio
537 2068 698 2141 regnante,
729 2062 799 2121 inde
827 2063 930 2123 metiri
953 2064 1058 2142 ticet,
1087 2066 1151 2147 quel

133 2162 250 2243 Regina
267 2162 378 2223 baeeee
392 2163 423 2222 in
439 2162 598 2223 tractandis
614 2163 732 2223 illorum
742 2164 925 2244 oppidorum
937 2167 1152 2229 incolisltbaa·

77 2331 83 2344 ,
133 2265 247 2346 geticis,
268 2270 370 2325 secuta
389 2265 428 2325 sit
444 2271 591 2343 systema,
613 2265 643 2324 in
657 2267 777 2346 negotio
805 2265 979 2345 religionis,
1003 2271 1045 2331 in¹
1057 2270 1151 2351 Regu

133 2366 304 2446 Hungariae
323 2372 485 2444 receptum.
516 2365 595 2425 Hine
615 2366 727 2426 iactum
748 2374 804 2440 est,
823 2372 857 2427 ut
877 2367 910 2426 in
932 2372 1090 2433 vocarrd'u
1106 2370 1151 2433 blo

133 2468 245 2541 nistria,
261 2465 423 2527 condendis
438 2466 555 2525 Scbolis
573 2472 604 2527 et
615 2462 694 2529 Viris
708 2467 886 2548 Evangetica
901 2486 998 2531 saera
1012 2472 1150 2551 profiter

133 2569 212 2631 tibus
240 2567 411 2628 muneribus
442 2566 569 2647 publicis
591 2566 797 2645 admovendis,
829 2569 1000 2633 difficultas
1034 2573 1149 2647 offerre·

132 2678 199 2743 nn,
220 2669 280 2728 imo
301 2668 535 2729 exercitatissimi
556 2674 586 2728 et
607 2670 772 2748 dignissimi
792 2688 883 2750 saepe
903 2668 999 2749 Viri,
1028 2694 1073 2737 ex
1093 2674 1148 2737 reli

93 2766 95 2771 ’
133 2769 228 2851 ponis
248 2768 317 2829 odio
336 2769 503 2829 bominibus
524 2771 657 2845 rudibus,
677 2773 854 2851 peregrinis,
876 2773 915 2833 ob
940 2778 1147 2857 paupertate·

133 2872 238 2945 avaris,
259 2871 458 2945 mercenariis,
479 2871 714 2948 trituratoribus,
737 2872 895 2935 Catholicis
916 2874 1147 2961 Lndimagistr'u

134 2972 231 3033 locum
260 2972 369 3033 cedere
398 2980 590 3052 cogerentur,
627 2974 753 3035 Paroebi
773 2974 1146 3043 Romano-catholicli

134 3080 290 3154 aegrotos,
321 3073 403 3152 ipsos
425 3074 500 3133 adeo
520 3074 659 3135 Pastores
679 3075 874 3154 Evangelieos
896 3082 1055 3143 arcessiri
1071 3083 1147 3166 jube

134 3181 237 3236 rentur
257 3181 289 3236 et
309 3174 358 3235 bis
379 3174 600 3235 advenientibus
620 3177 779 3256 propinqui
797 3177 974 3257 Evangelici
1003 3202 1049 3245 ex
1070 3181 1146 3247 cubit

132 3277 325 3358 pellerentur,
346 3277 460 3356 aegroti
479 3277 538 3357 ipsi
559 3283 591 3338 ct
610 3280 770 3341 morientes
790 3280 872 3340 varie
891 3282 1145 3361 vexarentur3al

133 3384 272 3459 negatum
292 3398 364 3439 vero
385 3381 514 3454 exitum,
546 3381 592 3441 vel
611 3400 672 3441 non
692 3388 828 3442 vocatum
848 3381 1026 3449 enachum
1048 3386 1144 3457 mulda

133 3480 332 3561 irrogaretur,
352 3482 554 3561 mortuisque,
576 3482 603 3542 si
623 3484 702 3543 cives
723 3481 865 3557 fuerunt,
896 3482 1037 3549 bonesta
1057 3484 1143 3571 sepul

135 3589 201 3643 tura
221 3600 311 3662 aegre
332 3583 570 3661 concederetur,
584 3584 631 3644 sin
651 3578 783 3645 Ministri
814 3584 903 3645 etiam
935 3587 1023 3649 stola
1052 3588 1143 3661 saltata,

133 3703 259 3765 prorsus
290 3688 458 3763 ncgmur,
491 3689 668 3764 tempestate
697 3684 830 3766 copulae
854 3684 1079 3766 jusjurandum
1103 3688 1144 3751 dr·

134 3783 247 3846 eretale
267 3784 407 3864 sponsis,
438 3804 529 3864 saepe
549 3787 675 3846 maximo
695 3805 763 3847 cum
783 3786 916 3865 impetu,
956 3790 1066 3855 verbis
1085 3808 1141 3853 ιιιι

80 3915 83 3923 ·
131 3878 297 3947 tumeliosis
319 3891 350 3948 et
371 3887 501 3947 dirmnm
526 3887 783 3965 imprecationibus
812 3906 911 3949 coram
935 3890 1058 3969 'alluh
1086 3908 1143 3953 eun

6 4076 8 4080 ,
133 3984 193 4049 toci
212 3988 291 4051 sacri
310 3986 516 4070 profanatione
536 3988 766 4091 obtruderetur,
795 3989 963 4055 necessitas
983 4012 1076 4057 saera
1092 3990 1140 4055 no
