2542 4702
52 564 162 627 dedit
183 563 344 633 Tredecim
365 565 539 647 oppidanis,
559 565 647 641 „illis
668 566 698 625 in
719 565 812 640 locis,
832 565 862 624 iu
884 565 990 645 quibus
1012 574 1098 629 ante·

48 666 131 729 hac
154 669 325 730 habuerunt
346 667 440 743 ludos,
461 670 621 728 etiamnum
644 666 768 727 Sclrolas
794 668 938 747 erigendi,
958 668 1099 749 Ludimu-

47 768 188 845 gistrcs
219 770 374 845 servandi,
404 769 517 848 linguas
547 769 707 847 studiaque.
724 774 784 829 tam
805 768 988 849 dogmatica,
1010 790 1097 851 quam

46 866 131 931 olio
153 904 201 957 Τ
220 871 346 932 trivialia
367 877 471 951 utpote
486 877 518 931 et
531 870 692 941 altiora,-
709 871 845 931 tradendi
857 860 1098 952 tractandique.“

10 966 14 979 '
48 968 158 1035 Cum
194 992 267 1034 roro
303 974 416 1034 lraecce
447 973 571 1033 Comitis
601 968 764 1032 liberalitis
795 975 824 1033 ei
853 992 951 1033 coram
979 973 1099 1037 Judicio

14 1109 17 1114 -
47 1076 229 1137 castrensi
252 1066 440 1137 Saudeceusi
463 1072 627 1135 accusando
658 1092 760 1135 ansam
783 1076 886 1135 darete
915 1076 1011 1136 Briihl
1038 1096 1099 1138 uon

47 1178 169 1239 modo
191 1177 306 1257 scripto
325 1176 445 1256 publico
465 1176 663 1237 innocentiam
685 1194 769 1235 suam
788 1176 881 1237 tuitus
904 1183 967 1252 cst,
988 1179 1043 1238 aed
1067 1186 1100 1240 et

48 1282 202 1341 censam
223 1277 347 1359 arbitrio
368 1277 502 1356 Reginae
517 1276 702 1355 'Huugariae
722 1275 837 1337 Mariae
854 1276 1029 1353 Tlrerealoe,
1047 1279 1099 1360 ju-

48 1372 240 1441 dicandum.
256 1379 372 1441 detulit.
410 1378 539 1441 touton
558 1379 615 1439 hac
643 1378 759 1439 ratione
780 1378 876 1455 aulam
897 1379 1098 1443 Viennensem

37 1472 163 1543 -inter
190 1488 222 1545 et
249 1482 396 1543 Comitem
422 1480 536 1554 Briilrl,
568 1480 678 1541 Libero
708 1480 825 1555 Barcae
855 1480 958 1545 Petro,
976 1481 1100 1545 Nicolao

55 1590 101 1657 ⁸-ss
116 1581 312 1663 Gartenberg
334 1582 458 1643 Comitis
479 1583 587 1655 nuncio
607 1581 832 1668 intercedente,
864 1582 914 1643 die
936 1582 985 1643 12.
1006 1583 1098 1646 Febr.

51 1692 129 1741 tn.
162 1685 255 1751 lanc..
278 1685 393 1765 pactio,
432 1703 491 1763 qua
522 1684 602 1745 inter
631 1683 704 1759 alia,
741 1683 903 1745 Tredecim
934 1684 1099 1766 oppidania

58 1774 212 1848 Sciratae
232 1786 380 1847 'stivialea
399 1786 438 1846 ad
461 1785 705 1861 Grammaticam,
738 1805 793 1865 pro
816 1787 976 1847 erudienda
997 1807 1100 1849 eorum

20 1906 27 1913 ·
56 1876 243 1957 juventate
274 1888 522 1950 concedebantur.
573 1887 688 1948 Eadem
708 1886 825 1967 Regina
846 1888 939 1950 literis
961 1890 1005 1949 ad'
1026 1889 1102 1970 Epi-

26 2010 29 2015 ·
56 1992 212 2069 *copam
235 1990 363 2064 Zbisco,
391 1988 624 2050 infensissimum
651 1987 827 2049 Scholornm
853 1976 1101 2070 Evangelicarnm

62 2082 301 2166 adversarium,
323 2090 372 2151 die
393 2090 451 2151 12)
465 2090 556 2151 Febr.
580 2089 663 2149 lton
684 2088 769 2164 da'tis,
792 2090 961 2165 declaravit,
982 2092 1101 2166 „miuus

64 2198 153 2255 mse
172 2204 334 2273 congruum
355 2192 480 2254 Scbolaa
502 2190 633 2253 triuiales
654 2211 709 2271 pro
731 2193 893 2253 erudiendo
913 2193 1109 2255 Acatholieo'

65 2298 151 2357 mm
170 2296 202 2357 in
222 2294 383 2359 Tredeclm
404 2294 531 2373 Oppidia
553 2294 725 2373 degentium
751 2295 908 2374 juventute
929 2296 1102 2357 deservien-

65 2388 148 2474 tes,
176 2398 353 2478 impetere.“
406 2396 481 2457 cnm
513 2415 583 2456 sero
604 2415 644 2455 ue
664 2415 742 2455 nuuc
763 2396 891 2457 Scholae
911 2397 980 2458 illae
999 2416 1102 2469 mane,-

64 2501 320 2561 renotatione:
342 2498 517 2578 Evangelici
537 2497 695 2569 'l'redccim
718 2498 866 2577 Oppidani
886 2498 1010 2560 Brirlalio
1031 2518 1102 2580 anp-

64 2589 246 2676 Pllcaruut,
274 2608 308 2663 ut
329 2601 537 2681 impedimenta
557 2600 595 2660 iis
617 2600 714 2661 oblata
735 2606 914 2661 removeret.
957 2601 1102 2663 Precibus

65 2682 262 2789 hta-..motus
296 2700 458 2761 'l'redecim
491 2700 675 2779 oppidorum
711 2700 837 2776 comiti,
868 2700 983 2762 Tobiae
1012 2701 1103 2783 Jouy,

67 2782 227 2865 Venaria
255 2804 285 2864 d.
307 2804 359 2863 lt).
380 2802 457 2882 Moji
478 2802 561 2863 lacn
581 2804 777 2882 perscripsit:
810 2803 997 2885 Evangelicis
1025 2804 1101 2865 Tre-
1172 2852 1175 2857 .

68 2890 184 2967 decim
201 2906 376 2987 Oppidanis,
397 2912 432 2965 ut
452 2904 579 2967 Scholas
601 2903 737 2979 condant,
761 2906 884 2965 concedi
905 2925 1004 2985 posse.
1032 2903 1104 2989 (Dio

69 2992 244 3089 Auleguug
272 3008 327 3069 der
355 3007 487 3069 Schnleu
514 3008 547 3067 in
576 3008 704 3068 meiuem
733 3008 847 3067 Nomen
874 3028 912 3067 nn
933 3005 1103 3091 erlaubeu.)

60 3089 109 3161 '¹11
140 3110 252 3187 harum.
269 3108 442 3189 Sclrolarnm
463 3128 520 3168 usn
541 3128 611 3169 sese
630 3107 792 3168 'l'redecim
807 3107 966 3187 Oppidani,
988 3129 1104 3171 summo
1187 3085 1195 3101 ⁵

68 3194 204 3291 imperti
219 3212 263 3273 'od
286 3210 464 3271 casimirum
482 3209 690 3288 l'ouyatowalri
710 3209 826 3284 delata,
859 3210 1024 3270 confirmati
1044 3209 1103 3272 hac

68 3314 273 3376 lsstisaimnm
294 3313 332 3373 de
353 3331 441 3385 cansa
460 3312 647 3392 flagitabant,
669 3311 747 3390 quod
773 3311 986 3390 Ludimagiotri
1006 3311 1102 3374 Scho-

66 3394 115 3465 ¹l⁸
147 3414 307 3477 Catholicis
335 3412 482 3493 praelecti
514 3418 545 3474 et
576 3413 706 3491 imperiti
739 3418 769 3473 et
799 3413 918 3473 desides
947 3420 1049 3475 essent
1070 3420 1111 3503 ni,

65 3500 154 3575 aliis
183 3516 426 3598 occupationibus
459 3516 595 3589 distenti,
627 3533 714 3575 omne
745 3515 875 3575 studium
895 3514 1102 3594 injuventute

64 3602 146 3675 tite
166 3606 461 3698 erudienda'pouere
481 3637 540 3678 non
562 3622 701 3697 possent,
724 3623 755 3676 ot
775 3617 864 3675 nimio
885 3617 932 3677 rei
947 3616 1101 3679 Romanae

60 3708 366 3785 otlulio-fobcoecati
396 3725 551 3800 pareutum
578 3716 824 3797 Erarrgelicorum
846 3717 957 3779 liberos
977 3738 1101 3799 precum

60 3799 223 3887 hrono
252 3825 418 3902 ritibusque
445 3820 601 3882 Ecclesiae
621 3808 793 3880 Pontificius
814 3820 962 3899 propriis,
993 3810 1101 3881 adsue·
1195 3824 1198 3828 '

56 3898 236 3989 ipae(trent.-
284 3927 444 3986 Enimvero
473 3906 617 4002 Princeps
640 3923 670 3982 d.
692 3921 742 3983 12.
763 3921 828 3981 Jan.
850 3922 935 3983 loos
954 3922 1100 4001 reposuit,

52 4017 100 4065 ’θ
121 4029 338 4111 supplicantes
357 4028 389 4088 iu
408 4024 469 4088 illia
480 4024 601 4087 duribus
620 4022 731 4103 illaque
749 4024 949 4095 comcioutiao
961 4023 1101 4086 libertato
