2544 4694
634 377 700 439 183

161 566 198 606 ιιι
217 564 278 606 nou
298 528 437 605 recenter
457 542 665 606 Praedicantea
687 565 777 622 suos,
799 553 976 627 tempestate
997 540 1172 611 tumultumn

160 648 404 709 introduxerint?
456 645 602 725 Gareatne
634 650 742 725 dubio,
779 648 951 729 Oppidanos
985 651 1173 731 Augustanae

161 748 382 822 Confessiouis,
413 768 500 809 causa
528 748 676 809 Stoiae‘a
703 748 841 810 Plebanis
870 749 1031 813 Catholicis
1051 753 1173 815 mnium

159 850 341 931 aggravans
363 854 420 910 etc.
449 849 573 911 Peracta
595 851 623 910 d.
642 851 692 911 la
707 849 797 911 Febr.
819 870 866 911 on.
888 850 971 913 talo
991 856 1173 932 quaestione,

159 951 318 1013 Generalis
336 949 493 1026 Vicarius,
524 954 666 1012 Actorum
689 951 944 1028 Commentarios,
962 955 1089 1015 -aduexa
1120 976 1197 1017 suo·

157 1054 297 1136 opinione
324 1052 599 1133 Araiai-Episcopo
626 1053 777 1130 submisit,
819 1055 869 1115 irio
898 1074 968 1115 vero
990 1055 1173 1118 consistorio

108 1137 139 1234 „s”
157 1174 231 1239 suo,
259 1154 427 1234 Tynnaviae
447 1156 631 1231 considenti,
660 1156 707 1215 rei
727 1156 880 1216 arbitrium
903 1156 1017 1217 detulit.
1068 1157 1173 1220 Consi-

108 1242 112 1311 Ῑ
158 1257 283 1319 utorium
295 1257 391 1317 hocce
407 1276 443 1316 re
458 1258 614 1336 pensitata,
631 1258 817 1341 sententiam,
838 1256 997 1319 Tredecim
1008 1258 1173 1339 Oppidauis

109 1366 112 1373 '
158 1357 348 1439 Augustanae
364 1356 451 1417 Goni.
467 1357 603 1418 Addictis
624 1357 820 1437 Evangeliois,
841 1360 1040 1438 pemicioaam
1060 1365 1092 1421 et
1112 1360 1174 1421 exi·

108 1522 112 1558 ,Ι
157 1459 290 1521 tiabilem
310 1479 367 1540 per
388 1458 575 1519 Cardinaiem
593 1460 693 1539 ipsum
707 1459 840 1522 Viennae
861 1460 911 1521 dia
930 1463 961 1521 9.
983 1460 1066 1541 Sept.
1089 1462 1173 1523 mo

108 1602 110 1629 =
155 1562 310 1645 probatam
332 1568 364 1622 ct
384 1562 586 1622 confirmatam
605 1562 827 1640 pronunciavit,
856 1563 942 1643 cujus
970 1564 1028 1645 hoc
1047 1562 1106 1624 unt
1124 1582 1173 1625 ar-

154 1668 350 1745 gumentumr
379 1664 506 1743 primum
533 1681 552 1722 a
578 1663 759 1725 necessitate
779 1664 963 1724 convehendi
981 1663 1099 1744 fragam
1119 1663 1173 1727 de·

155 1765 266 1841 cimas,
298 1764 458 1825 'lbedecim
486 1764 657 1845 Oppidanos
677 1764 747 1825 ideo
776 1764 850 1826 solvi
875 1784 935 1826 non
961 1785 1065 1846 posse,
1093 1766 1172 1847 quod

154 1886 229 1927 nsua
259 1885 316 1945 pro
345 1864 547 1925 Parochorum
577 1865 738 1925 commodis
771 1872 937 1945 pugnaret3
968 1867 1075 1928 deinde
1104 1886 1172 1928 cum

154 1967 335 2031 Scholarum
365 1966 528 2043 Rectores,
561 1966 746 2047 Oppidomm
777 1967 1001 2029 Habitatoribus
1032 1969 1172 2044 serviant,

132 2070 270 2151 ·justum
290 2075 322 2130 et
342 2087 469 2148 aequum
490 2087 575 2143 csse,
606 2074 640 2129 ut
664 2070 702 2129 ab
725 2067 850 2148 Oppidis
871 2068 1037 2144 solvuntur3
1067 2075 1173 2151 postea

155 2170 295 2251 quoniam
325 2168 453 2230 liberum
489 2144 656 2248 religionis*
678 2168 868 2249 Augustanos
898 2171 1085 2246 exercitium,
1116 2188 1172 2249 per

155 2278 269 2333 terram
289 2268 501 2351 Soepusiacam
520 2270 559 2330 ad
584 2270 643 2330 duo
656 2269 722 2330 loca
736 2269 913 2331 Articularia
927 2272 1096 2332 restrictum
1115 2277 1172 2345 est,

154 2372 282 2435 facultas
310 2392 382 2433 vcro
414 2372 502 2432 liberi
527 2371 617 2452 hujus
648 2372 780 2432 exercitii
800 2391 857 2452 per
877 2371 1055 2432 Stanislaum
1075 2371 1171 2433 Hera·

154 2474 247 2537 olium
267 2473 472 2549 Lubomirski,
494 2474 628 2533 omnibus
651 2471 809 2533 Tredecim
827 2472 999 2553 -0ppidanis
1020 2491 1171 2548 concessa,

153 2595 213 2659 per
227 2558 417 2655 ¹Ireopoldum
437 2573 460 2633 Ι.
492 2573 609 2654 Regem
638 2573 809 2654 Hungariae
829 2557 923 2635 literis
945 2575 984 2634 ad
1003 2574 1172 2655 Principem

153 2680 207 2741 die
223 2678 255 2740 4.
271 2676 357 2758 Sept.
379 2676 463 2737 1661
484 2675 570 2751 datis,
592 2674 702 2736 abolita
729 2683 761 2736 et
788 2676 871 2736 irrita
903 2675 1067 2751 declarata,
1096 2674 1172 2736 Uni-

118 2766 125 2775 ’
153 2756 271 2841 darnole
303 2782 402 2839 autem
434 2776 678 2836 Strachaniauum
707 2794 797 2836 manu
817 2776 964 2837 carnificis
986 2777 1171 2838 combustum

155 2882 233 2943 nna:
261 2881 330 2941 ideo
355 2879 484 2939 liberum
504 2878 657 2957 religionis
679 2879 870 2953 exercitium,
896 2884 985 2957 atque
1006 2879 1082 2959 quod
1104 2897 1172 2939 oum

156 2990 196 3043 eo
216 2982 405 3063 conjunctum
425 2986 483 3054 eat,
504 2984 587 3040 actus
609 2978 734 3040 stolares
748 2979 913 3059 peragendi
929 2980 1053 3055 veniam,
1073 2978 1171 3040 Evan-

155 3082 262 3165 geum
281 3082 440 3143 Tredecim
455 3081 617 3162 Oppidanis
638 3080 720 3141 nulla
740 3081 855 3141 ratione
877 3086 1060 3160 competere,
1079 3100 1171 3160 quare

151 3182 319 3245 Gaesarem
348 3188 500 3245 exomtum
529 3182 582 3256 iri,
613 3189 647 3242 ut
668 3201 686 3241 a
706 3180 845 3261 Principe
865 3181 1056 3242 abolitionem
1076 3182 1169 3242 omnis

154 3285 306 3366 religionis
336 3284 582 3365 unngeucorum
619 3285 662 3353 in,
680 3282 841 3344 Tredecim
878 3282 1003 3362 0ppidis
1035 3284 1170 3344 exercitii

154 3390 351 3469 impetraret;
380 3388 508 3468 deniquo
533 3388 661 3466 pretium
691 3405 748 3465 pro
775 3386 888 3447 actibus
920 3384 1077 3446 stolaribua
1103 3385 1169 3466 jam

153 3492 273 3553 finitum
293 3489 416 3564 baberi,
446 3489 526 3568 quod
547 3489 574 3548 si
594 3487 721 3548 Parochi
740 3487 875 3548 Romano
888 3486 1058 3547 -Cotholioi
1079 3504 1168 3548 exce-

153 3592 279 3667 derent,
300 3592 407 3671 cuique
428 3592 576 3669 integmm
596 3609 681 3664 esse,
703 3608 755 3649 eos
778 3608 877 3650 coram
898 3588 1039 3649 Generali
1050 3586 1169 3649 Vioario

152 3714 305 3755 accusare.
346 3692 449 3767 Prius,
470 3712 557 3771 quam
576 3692 723 3753 sententia
742 3689 818 3751 lmec
838 3690 1085 3771 promrdgnretur,
1106 3687 1168 3749 Ge·

153 3796 264 3858 nemis
294 3796 367 3876 Gap.
390 3795 598 3874 Soepusionsis
619 3792 775 3869 Vioarius,
805 3792 974 3874 Stephanus
995 3790 1168 3852 Lowicnko-

152 3900 227 3973 vica,
248 3900 366 3960 nomine
381 3897 629 3977 Archi-Episcopi
644 3897 856 3977 Strigoniensis
869 3916 947 3956 anuo
965 3893 1050 3955 laio
1068 3892 1167 3953 ident-

154 4000 235 4061 idem
255 4000 395 4063 Fautores
414 3998 627 4081 livangeiicos,
664 3998 796 4061 amaria
816 3998 914 4080 palam
935 3994 1077 4071 colendis,
1097 4010 1168 4075 pro-
