2544 4694
578 406 610 451 lv

97 610 243 673 mentm
271 607 455 671 dissimulare
484 608 590 684 nolim,
621 607 775 670 Nostrates
807 628 826 670 a
855 607 974 672 l’olonls
1005 614 1101 672 minua

97 727 259 788 liberaliter
279 731 311 788 et
330 726 458 786 humane
477 724 571 786 luisse
598 725 730 786 habitos:
759 731 858 787 umen
888 746 948 788 non
976 729 1102 789 alienum

98 866 146 908 rna
167 866 186 906 a
205 863 276 906 vero
295 844 380 905 ferre
400 844 536 906 existimo
553 842 707 923 judicium,
727 844 754 903 si
774 845 925 921 confirmo,
952 846 1104 927 Oppigne-

97 965 205 1027 rationi
223 963 267 1023 illi
288 963 400 1037 deberi,
422 963 499 1042 quod
520 960 636 1040 Oppida
654 961 729 1022 haec
750 982 807 1024 nou
828 964 916 1025 modo
937 964 1032 1024 civilia
1051 986 1104 1026 suo

99 1083 276 1142 retinuerint
298 1079 367 1159 jura
396 1079 617 1159 beneficiaque,
647 1079 702 1140 sed
730 1081 817 1141 etiam
839 1081 917 1159 quod
938 1083 1103 1161 quindecim

99 1197 249 1258 hominum
275 1195 384 1269 millia,
412 1214 488 1275 quae
517 1214 594 1256 nunc
623 1195 732 1256 Coetus
763 1197 840 1258 sacri
874 1197 1044 1278 Evan'geliei
1072 1201 1103 1260 iu
1152 1174 1157 1206 ⁸

41 1322 55 1343 ⁸
99 1314 259 1375 'l'redecim
280 1313 368 1373 hisee·
385 1313 511 1393 Oppidis
531 1319 700 1388 numerant,
720 1333 795 1394 puro
810 1315 971 1396 Evangelio
988 1325 1104 1380 servata

101 1432 229 1493 fuerint:
251 1450 318 1491 curn
337 1429 450 1509 reliqua
470 1422 615 1490 Undeeim
631 1430 755 1511 Oppida,
778 1404 853 1511 quae
874 1433 942 1493 olim
964 1455 1032 1495 cum
1051 1454 1104 1515 op

101 1549 263 1630 pigneratis
284 1546 443 1607 Tredeciru
464 1546 587 1626 Oppidis
608 1546 645 1606 ad
667 1548 789 1607 earrdem
808 1549 1037 1613 Universitatem
1054 1551 1107 1615 vi·

104 1667 177 1746 gluti
199 1666 331 1743 eratuor
352 1662 505 1743 {legalium
527 1663 682 1723 Ciuitatum
702 1663 816 1725 Terrae
833 1665 1036 1746 Sceprsicnsis
1057 1688 1106 1730 re·

101 1783 306 1855 terrebantur,
337 1780 522 1841 nouaclum
550 1779 653 1840 Civilia
680 1780 835 1860 Privilegia
855 1784 1022 1861 amiserint,
1051 1787 1106 1847 sed

103 1902 192 1962 etiarn
213 1899 326 1960 duobus
355 1897 516 1976 exceptis‚'
534 1897 746 1979 propemedum
767 1898 862 1958 nullos
883 1900 1006 1980 amplius
1027 1903 1106 1964 alant

102 2014 283 2099 ‘coeantque
303 2015 499 2095 Evangelicae
519 2014 670 2075 doctrinae
692 2014 870 2077 Sectatores.
913 2017 1031 2099 Operae
1051 2021 1106 2100 igi-

73 2190 76 2197 .
102 2140 152 2194 tur
172 2135 300 2214 pretium
323 2152 390 2193 esse
412 2133 531 2207 censui,
560 2133 682 2208 docere,
698 2133 808 2213 ,quibus
830 2136 926 2197 causis
946 2136 1106 2213 Tredecim

34 2250 38 2257 '
103 2251 252 2335 Oppidani
272 2218 440 2331 Evangelici
461 2250 585 2327 salutern
606 2271 688 2313 suam
708 2251 740 2311 in
761 2253 889 2332 acceptis
910 2254 1054 2325 referunt.

49 2440 54 2449 Ι
177 2370 255 2431 ,nuti
283 2375 381 2429 autem
408 2368 439 2427 in
469 2386 560 2447 opere
580 2366 674 2428 hoece
693 2368 822 2447 parando
844 2373 978 2451 copiosos
998 2374 1108 2437 fontes.

104 2486 236 2568 Cognovi
268 2486 405 2546 Andreae
426 2482 566 2543 Sohmalii
587 2482 762 2544 Adversaris
782 2483 820 2544 ad
840 2486 1041 2563 illustrandam
1060 2489 1108 2557 hi-¹

103 2605 224 2666 storiam
244 2602 485 2665 Ecclesiasticam
507 2596 901 2683 Evangenco-ngarieam'
917 2604 1105 2683 pertinentia,

104 2728 136 2783 et
163 2721 309 2802 Ejusdem
340 2720 622 2787 commentationem
654 2719 691 2781 de
711 2719 787 2783 Vitis
809 2720 1107 2800 Superintendeutum

105 2838 350 2917 Evangelicorum
370 2837 401 2896 in
421 2835 583 2916 Hungario.
624 2835 658 2895 ln
678 2856 741 2897 rem
762 2856 857 2897 meam
877 2841 1007 2900 corrverti
1027 2840 1108 2921 frag-

104 2960 203 3017 menta
223 2955 364 3018 Actorum
386 2953 575 3033 Synodalium
596 2954 731 3034 Quinque
756 2954 929 3015 Liberorum
951 2941 1122 3019 civitatum

105 3073 275 3156 Superioris
303 3073 480 3152 Hungariae.
533 3070 619 3133 Volui
647 3078 714 3133 octo
734 3070 843 3149 Tomos
863 3072 894 3132 iu
915 3072 999 3161 Folio
1018 3075 1108 3135 Acto-

104 3210 171 3254 ruua
198 3188 429 3269 Religionarium
458 3206 519 3248 nou
548 3187 706 3249 Tredecirn
728 3186 844 3271 Oppida
864 3189 975 3267 solum,
1003 3190 1109 3252 sedet

104 3307 167 3371 fata
186 3307 341 3368 Ecclesiae
361 3306 556 3386 Evangelicae
576 3306 607 3365 iu
627 3305 777 3385 Hungoria
798 3307 915 3373 omnino
930 3326 1109 3387 concernen-

104 3426 193 3499 tium,
215 3394 339 3511 al'aulo
362 3423 492 3503 Georgia
511 3422 665 3498 Matones,
685 3420 809 3483 Pastore
829 3421 900 3483 dum
918 3424 1031 3485 viseret
1050 3425 1110 3485 Ee-

82 3542 215 3613 oonae
234 3540 432 3629 vaanenu,
453 3532 656 3601 orationem
676 3526 846 3601 senioratu
868 3538 1027 3602 nereum
1048 3541 1110 3621 op-

22 3650 28 3663 '
106 3660 205 3739 pidani
226 3659 357 3720 donatos.
393 3657 554 3723 versabam
575 3656 731 3720 Volumina
751 3659 855 3718 decem
874 3658 980 3757 partim
1001 3659 1031 3719 in
1048 3657 1111 3719 Fo-

98 3778 288 3875 ·lio‚partim
308 3778 338 3837 in
357 3762 468 3854 Quarto
484 3777 650 3861 conscripta
675 3773 933 3837 collectaneorum
953 3774 1111 3836 historico-

109 3893 397 3983 ecolesiasticorom,
419 3913 495 3977 quae
514 3893 699 3956 Bibliotheca
720 3893 829 3985 Coenos
848 3894 1019 3975 Evangelici
1035 3893 1112 3973 lglo-
