2542 4702
557 416 758 513 m„

92 709 94 770 p
149 689 269 763 tumque
300 684 350 745 dic
377 684 429 743 22.
461 686 570 765 Aprilis
601 685 793 766 compedibus
820 690 980 767 constringi
1007 692 1161 761 curaverit,

92 795 94 804 ·
149 796 219 859 nec,
247 788 378 863 qnanrris
406 785 474 845 ilex
501 806 554 847 eos
576 789 685 847 dimitti
701 788 841 867 juberet,
872 790 971 868 prinu,
1004 809 1091 868 quam
1112 792 1163 851 dic

151 880 200 943 22.
221 884 322 947 Martii
344 888 426 947 1712
446 887 576 951 libertati
598 890 773 950 restitnerit.

105 973 109 984 ’
233 986 384 1049 Severius
412 988 524 1049 haecce
555 1008 615 1051 non
646 990 779 1049 cohibuit
807 990 968 1050 'ibedecim
990 993 1159 1071 Oppidanos

160 1082 358 1168 Evangelicos,
381 1092 451 1168 quin
473 1110 491 1150 a
509 1092 645 1172 principe
665 1110 740 1151 nova
760 1091 869 1151 favoris
885 1092 1059 1153 documenta
1071 1114 1160 1173 expe-

161 1192 260 1249 lcreat.
310 1188 464 1270 Rogarnut
497 1194 606 1271 quippe
628 1191 836 1272 capitaneum,
867 1192 1060 1253 Viudobonae
1080 1214 1160 1257 com-

160 1296 325 1365 numum,
354 1297 511 1353 uteorum
534 1292 703 1354 Pastoribns
724 1299 903 1373 potestatem
924 1291 1006 1354 actus
1027 1294 1160 1356 Stalares

160 1390 320 1471 peragendi,
342 1394 564 1473 commodisque
586 1414 653 1454 cum
674 1396 711 1453 iis
733 1395 897 1475 conjunctis
919 1393 1056 1469 fruendi,
1090 1416 1159 1457 eon-
1240 1378 1245 1387 ¹

121 1541 124 1548 .
162 1490 277 1554 ederet
320 1492 383 1555 Sed
404 1493 546 1574 Princeps
568 1515 671 1556 mense
692 1495 789 1569 lulio,
810 1498 879 1556 anni
901 1496 985 1555 1714
1004 1494 1159 1570 „Resolu-

161 1590 255 1655 lloncm
275 1594 394 1656 llnalcm
415 1615 512 1675 nsque
532 1614 617 1656 sunm
639 1597 798 1656 adrentum
818 1597 855 1656 ad
881 1596 1078 1677 Scepuainm‘*
1098 1598 1159 1659 dis-

111 1743 117 1756 .
160 1690 226 1771 iniit,
251 1700 355 1759 certos
374 1698 474 1757 tamen
506 1714 575 1757 esse
601 1698 695 1777 jussit
728 1697 938 1777 Supplicuutes
966 1698 1034 1759 fore
1055 1699 1160 1773 „utin

158 1796 278 1859 munus
306 1796 417 1879 justis,
449 1797 540 1859 licitis
571 1806 603 1859 et
623 1799 831 1879 possibilibus,
864 1801 1059 1861 omnimodam
1080 1801 1158 1882 apud

158 1908 214 1957 tran
232 1917 353 1979 super
371 1900 522 1960 inveniant
542 1899 753 1959 facilitatem.“

92 1991 103 2146 'p
227 1999 376 2062 iterarunt
409 2002 558 2061 desideria
589 2002 701 2062 haecce
731 2001 890 2062 'l'redecim
913 2003 1059 2082 Oppidani
1079 2023 1158 2077 mox,

92 2163 96 2186 h
150 2094 207 2159 lam
233 2104 313 2183 apud
336 2101 529 2182 Principem,
562 2122 649 2181 quana
680 2109 711 2163 ct
733 2102 848 2182 llegem
880 2103 1028 2165 l'oloniae.
1082 2104 1157 2165 Cum

146 2194 280 2265 nubum
301 2203 359 2265 dno
379 2204 437 2265 hac
457 2208 637 2284 tempestate
658 2223 711 2265 eos
732 2211 903 2284 premerent
915 2205 1001 2279 mala,
1023 2206 1156 2278 alterum,

143 2304 221 2372 quod
251 2306 290 2367 iis
320 2304 463 2385 obligatio
493 2306 714 2385 imponeretur,
754 2304 980 2384 Lnnmagistris
1013 2307 1050 2366 de
1078 2307 1157 2367 rictu

92 2461 94 2472 ,
139 2388 330 2489 (Unterhalt)
350 2405 561 2487 prospiciendi,
584 2425 683 2484 quem,
712 2406 853 2484 qnarndin
873 2406 1044 2486 Evangelici
1065 2406 1156 2467 benc-

136 2492 211 2567 fletu
226 2506 411 2569 Paroclrialia
431 2508 588 2579 tenebant,
616 2506 756 2567 Pastores
778 2506 967 2586 Evangelici,
995 2526 1033 2567 ex
1052 2508 1155 2568 rediti-

134 2590 200 2669 bbs
228 2608 364 2671 decimas
391 2608 452 2669 illis
484 2608 734 2688 suppeditabant,
765 2608 890 2668 alterum
922 2608 1001 2687 quod
1029 2607 1156 2669 Parochi

134 2693 470 2786 Rouana-catholici,
491 2712 613 2770 nimium
634 2710 764 2790 pretium
784 2728 840 2790 pro
861 2711 975 2771 actibus
997 2710 1154 2771 stolaribns

97 2823 102 2840 ·
133 2812 307 2891 exigerent,
328 2813 456 2892 primum
477 2812 515 2871 ad
536 2811 651 2891 Regem
672 2811 823 2885 Paioniae,
844 2813 1007 2890 Augustmn
1028 2811 1063 2871 ll.
1084 2830 1154 2891 pro-

132 2899 298 2991 fugerunt,
329 2913 522 2974 incommodis
553 2912 639 2972 hisce
668 2913 770 2973 obices
791 2913 863 2991 poni
883 2912 1030 2973 submisse
1049 2918 1154 2991 peten-

135 3009 198 3073 tes.
221 3032 224 3037 ·
248 3014 315 3076 Rex
343 3013 651 3093 Archi-Episcopum
675 3014 928 3092 Strigcnicnsem,
951 3012 1152 3073 Christianum

134 3104 304 3195 Augustum
324 3114 363 3177 de
384 3115 530 3189 Saxania',
561 3115 761 3188 cardinalem,
782 3114 878 3173 literis
899 3113 1076 3188 Vamaviae,
1104 3115 1153 3173 die

137 3202 192 3273 Ἃ
210 3218 278 3279 0ct.
300 3217 384 3277 1714
404 3215 482 3277 datis
504 3219 593 3292 adiit,
627 3218 733 3295 quibus
765 3215 903 3295 rogabat,
934 3221 967 3275 nt
993 3213 1152 3275 'l'redecim

137 3304 310 3396 Oppidanos
331 3318 428 3391 circs,
459 3318 490 3378 in
513 3317 656 3377 exercitio
688 3316 803 3376 Jurinm
823 3316 1104 3376 hicclesiasticorum
1125 3317 1150 3375 si

136 3424 212 3484 uuae
232 3420 308 3501 ipsis
328 3416 462 3499 legitime
489 3423 711 3497 competerent,
744 3434 936 3487 conservare,
964 3420 1052 3494 atque
1072 3417 1152 3475 arbi-

133 3512 192 3576 tfl'o
213 3528 246 3583 et
266 3520 406 3581 licentiae
427 3518 626 3579 Parochomm
659 3517 898 3591 catholicorum,
929 3518 960 3576 in
990 3515 1074 3577 Stola
1101 3538 1151 3577 su-

129 3620 259 3697 meum,
290 3620 411 3683 modum
442 3638 553 3700 ponere
582 3620 663 3679 velit.
727 3619 793 3678 lloc
833 3619 961 3677 animum
992 3616 1152 3677 'l'redecim

127 3702 302 3801 ⁰n1ndmis
328 3722 515 3802 Evangelicis
549 3722 680 3793 indedit,
709 3722 807 3799 ipsum
837 3737 954 3797 quicque
983 3718 1150 3797 Principem

124 3798 327 3885 Lubomirski
368 3823 558 3895 obsecrandi,
598 3827 631 3881 ut
663 3820 849 3880 cardinalem
881 3826 1080 3898 permoveret,
1112 3819 1149 3877 ad

121 3920 359 3989 ⁰⁰¹1cedcndam
388 3944 492 3985 corum
520 3923 692 3985 Pectoribus
712 3926 908 4001 potestatem,
940 3938 1043 3979 omncs
1075 3919 1149 3979 ritus

120 4018 241 4090 ”nem
261 4026 501 4099 administrandi,
528 4023 750 4100 commodisque
771 4040 837 4084 cnm
857 4023 895 4081 iis
916 4019 1091 4100 conjunctis,
1111 4020 1150 4082 ad
1213 4107 1216 4113 Ι
