2544 4694
601 328 664 388 luo

123 504 194 561 aute
214 496 347 558 solemne
369 496 436 572 luit,
457 495 586 557 sulliciat
614 499 719 559 dielun
741 498 862 559 llomiui
887 496 1031 579 'l'cmpla
1054 495 1131 560 Catlu

124 601 183 663 lica
202 601 372 675 celebrare,
394 608 482 679 atquc
503 602 575 660 uatis
597 602 652 676 ait,
689 603 716 661 ai
745 621 782 661 eu
815 602 931 681 apiaria
965 602 1061 661 domo
1086 620 1132 663 unu

124 703 216 765 luerit
230 721 383 783 praeseus,
405 721 471 761 cum
486 708 517 761 et
530 704 633 762 ‹louun
655 722 763 763 vacuae
783 703 923 783 relinqui
948 721 1016 763 non
1039 704 1132 783 panim

125 810 158 866 cl
179 806 205 865 ai
227 823 328 863 onmes
351 803 551 877 eoulluereut,
574 803 699 883 'l'empla
720 810 829 864 tantam
851 804 1028 865 hominum
1051 806 1132 885 capiar

124 926 310 985 nequaquam
332 924 441 985 capere
461 911 601 985 possent,
622 927 768 986 ruunoque
788 906 882 980 foret,
908 908 967 986 qui
992 907 1076 967 domi
1093 927 1133 987 pu·
1155 895 1160 926 '¹

124 1009 258 1070 aularum
280 1028 379 1069 curam
401 1021 544 1089 gereret;
566 1018 721 1091 practerea
744 1030 811 1070 eum
832 1010 1006 1091 religionis
1030 1012 1133 1091 litargo

124 1111 200 1171 lieae
222 1110 340 1191 placitis
361 1120 528 1191 repugnet,
551 1120 584 1171 ut
605 1111 705 1191 prolcu
727 1112 913 1191 Evangeliea
937 1114 1132 1175 catechism

126 1211 313 1273 Gatlrolieum
343 1211 463 1287 audiat,
493 1215 523 1273 iu
553 1213 662 1273 Schola
694 1232 766 1273 suae
796 1214 870 1273 lidei
894 1214 1131 1276 lineamentiad

126 1313 321 1394 impediatur,
353 1312 630 1374 Adniuiatratorem
662 1334 679 1375 a
708 1314 858 1394 postulato
884 1315 995 1377 lrocce
1019 1316 1133 1378 recedat
1157 1333 1165 1366 '-

125 1416 276 1495 llagitant;
297 1446 340 1458 —
361 1421 425 1473 tum
455 1415 579 1475 Sclrolas
607 1417 752 1494 priuatae,
782 1435 838 1496 per
857 1417 1045 1497 principem
1064 1417 1132 1478 Luta
1157 1479 1163 1490 ,

126 1518 232 1577 mirsli
253 1516 406 1590 admissas,
428 1524 461 1576 ut
482 1516 612 1577 retinere
633 1523 752 1595 quaeant,
774 1518 975 1597 supplicaut3
995 1553 1042 1565 —
1058 1525 1131 1601 parta

127 1618 219 1680 Festa
251 1617 410 1678 decretalia
442 1636 477 1677 ae
509 1618 591 1677 obire
622 1618 699 1678 uelle
726 1619 918 1698 promittuut;
952 1655 1005 1666 -
1036 1619 1132 1701 amplia

127 1740 255 1805 paenam
275 1740 333 1779 nou
356 1719 542 1780 Praedieauti
565 1727 594 1781 et
617 1721 725 1795 coetui,
742 1722 796 1780 sed
810 1720 869 1779 illis
893 1722 1014 1784 dictari
1030 1724 1132 1803 cupuu

127 1827 179 1910 qui
208 1822 270 1885 siue
292 1822 464 1902 parentillae
487 1822 621 1881 diversae
642 1821 792 1901 religionis
813 1822 892 1895 uati,
926 1825 1002 1885 aive
1033 1823 1133 1885 alialr

129 1950 225 2005 cauea,
248 1927 286 1988 ad
301 1923 466 1986 Ecclesiam
490 1924 653 1983 Romanam
673 1926 867 2004 pertinentes,
891 1924 1045 1988 Oratoria
1066 1927 1135 1988 ura
1160 1999 1166 2022 ι

127 2034 224 2115 geliea
245 2029 460 2109 ingrediuntur.
512 2026 613 2102 (lunc
633 2027 741 2086 iterum
762 2027 933 2105 iterumque
957 2028 1137 2091 administra

128 2146 226 2201 torem
246 2138 426 2214 precantur,
447 2138 481 2190 ut
502 2131 533 2189 iu
556 2149 613 2210 quo
634 2136 732 2205 statu,
755 2129 960 2210 prouinciam,
1000 2152 1092 2211 quam
1108 2130 1139 2191 rd

129 2239 293 2309 ministrat,
315 2233 493 2315 capesseus,
517 2253 568 2292 eoa
590 2233 719 2312 reperit,
750 2233 782 2292 iu
809 2251 845 2292 eo
873 2231 946 2292 illos
979 2254 1020 2294 eo
1055 2233 1142 2295 certia

131 2343 303 2405 corrsenet,
325 2335 404 2415 quod
424 2336 489 2415 ipra
511 2333 641 2393 lleeretu
670 2332 699 2391 d.
727 2332 779 2392 25.
808 2332 911 2392 Martii
948 2334 1046 2397 1745
1068 2336 1143 2398 edict

131 2439 326 2504 declaraverit
354 2435 572 2514 „llraugelicoa
605 2434 740 2513 religioni
763 2433 938 2494 Catholicae
963 2456 1031 2499 non
1055 2437 1144 2500 violer

130 2545 170 2605 tis
191 2540 334 2603 remediis
356 2538 470 2597 devinci
492 2535 619 2609 debere,
642 2536 697 2595 sed
718 2555 792 2614 opus
813 2535 871 2593 lroc
895 2539 1025 2613 gratiae
1051 2525 1160 2644 dirim}

130 2641 322 2725 linquendum
352 2642 451 2700 esse.“
505 2637 622 2716 llogant
651 2635 779 2715 proinde
808 2627 1106 2717 alloszczens'ltium,
1128 2645 1164 2722 dp

133 2747 286 2807 decretum
321 2744 458 2802 immutet
479 2745 511 2798 et
531 2738 695 2811 rescribat3
727 2738 754 2797 si
775 2756 846 2795 vero
867 2739 1022 2814 precibus
1047 2742 1099 2803 hia
1117 2760 1147 2801 aa

134 2846 244 2909 cedere
271 2843 376 2917 nollet,
413 2841 585 2912 obsecrant,
613 2843 646 2897 ut
673 2858 708 2897 re
735 2838 852 2897 interim
874 2838 905 2897 iu
927 2858 1096 2921 suspenso
1117 2862 1148 2904 re

134 2949 214 3022 licta,
236 2947 326 3006 liceat
346 2943 415 3017 illis,
438 2943 504 3000 siue
525 2938 658 2998 offensae
680 2944 769 3013 uota,
791 2937 939 2999 medelam
964 2946 1056 3023 apud
1079 2911 1166 3026 llegtl

134 3070 217 3123 uam,
244 3044 396 3118 Dresdae,
425 3062 480 3122 per
500 3041 623 3101 rurucioa
646 3058 800 3119 quaerere.
844 3037 919 3099 Cum
942 3048 1101 3123 precibus
1119 3048 1150 3107 m

135 3150 295 3213 Tredccim
310 3145 459 3227 Oppidani
481 3142 559 3222 apud
577 3141 855 3202 Administratorem
875 3142 954 3204 num
978 3148 1151 3223 effecissent,

136 3253 166 3314 d.
194 3252 246 3312 24.
277 3248 348 3309 Julii
374 3246 502 3327 lgloriae
533 3242 725 3317 conveniunt,
756 3242 966 3323 Dresdamque
996 3248 1150 3332 Joscplnl

138 3356 331 3419 Sirmicrncm
353 3356 384 3411 ct
404 3349 450 3408 Jo.
473 3347 516 3407 M.
540 3346 736 3424 Glaczinger,
762 3347 885 3405 nuncios
906 3348 1041 3412 mittere
1066 3354 1152 3416 decer

138 3464 230 3532 nunt,
252 3474 311 3516 uon
330 3453 419 3512 modo
440 3448 661 3527 abrogationem
682 3448 796 3507 decreti
815 3446 1095 3516 lllosacaenaltiani
1114 3472 1152 3536 pr

139 3562 263 3632 tituros,
288 3554 453 3617 sedetiam
475 3550 633 3630 ampliores
657 3548 810 3608 libertates
830 3550 862 3608 iu
883 3548 978 3610 rebus
1002 3554 1049 3616 ad
1072 3573 1154 3618 unere

140 3683 208 3725 ram
229 3678 314 3720 usum
336 3654 552 3737 pertinentibus
574 3653 793 3732 impetraturos.
836 3649 942 3729 Legati
965 3653 1002 3714 hi
1025 3658 1154 3737 preedur

143 3765 280 3826 obtinere
297 3756 494 3841 jubebantur:
524 3760 558 3814 ut
585 3772 734 3814 sacrorum
757 3753 809 3833 jua
830 3753 860 3811 iu
881 3752 1057 3819 'l'redeeim
1080 3758 1155 3841 Oppi

146 3867 212 3941 dis,
243 3863 394 3924 minimum
425 3879 461 3919 ea
492 3857 532 3918 eit
559 3855 694 3929 fortuna,
727 3874 783 3933 qua
804 3854 1021 3918 lmbornirslrio
1053 3863 1179 3923 virente.

145 3968 263 4041 fuerat3
286 3997 330 4009 -
349 3970 383 4024 ut
403 3961 527 4023 Pastore
547 3964 663 4019 mortuo
685 3956 732 4017 uel
752 3956 809 4016 alio
829 3961 954 4032 vocato,
987 3959 1089 4025 liceat
1107 3964 1156 4025 eim
