2544 4694
428 450 433 470 ,
549 404 592 466 ts

60 575 259 657 gardenco
278 573 373 654 Regis
393 568 553 639 malevolos
580 573 718 634 cuiusvit
737 574 776 635 ad
797 573 953 641 Nostrates
971 568 1081 656 aperte

58 670 125 758 jam
152 663 341 738 laedendos.x
362 676 558 738 Successerat
585 674 700 737 sedicet
720 674 910 756 Fcrdinaudo
932 675 1079 754 Secundo,

60 778 256 854 utuidimus,
284 777 551 858 Archi-Episcopi
579 777 790 856 strigoniensis
812 777 976 839 cardinalis
997 779 1081 841 Petri

60 881 220 943 Pdrmauui
241 899 300 959 ope
315 879 441 959 adjuto,-
451 877 617 958 complures
633 896 691 938 non
707 878 858 941 Primores
874 878 969 948 solum
983 883 1081 961 regni,

59 983 115 1045 sed
136 987 168 1044 et
190 982 358 1056 civitatum,
380 980 565 1061 Oppidorum
585 979 785 1059 vicorumque
799 982 920 1057 incolas,
941 983 980 1062 cd
994 1003 1079 1045 sacra

59 1083 217 1145 Ecclesiae
236 1083 390 1144 Romanae
411 1089 443 1143 ct
462 1082 605 1162 pellicere
626 1087 659 1141 et
682 1080 813 1160 adigere.
855 1083 986 1145 Alienati
1005 1083 1078 1152 Pri·
1120 1104 1123 1119 ·
1172 1127 1174 1132 -

59 1202 159 1247 mores
188 1189 223 1244 ut
249 1183 383 1244 homiues
416 1174 474 1244 sibi
501 1183 654 1263 subjectos
682 1188 765 1244 tauto
784 1182 902 1247 facilius
924 1184 1078 1247 Ecclesiae
1131 1243 1133 1250 .

58 1286 212 1346 Romanae
239 1283 439 1360 devincircat,
472 1283 602 1345 dimissis
633 1282 681 1344 vel
711 1285 818 1364 ejectis
848 1284 1080 1347 Protestantium

61 1386 257 1461 Pastoribus,
269 1384 437 1447 Catholicoa
468 1405 525 1464 pro
540 1384 657 1445 iisdem
678 1385 897 1451 substituebant
917 1380 1079 1453 Padochos.

61 1487 242 1567 Eraspcrati
257 1491 419 1567 propterea
439 1485 646 1546 Protestantes
666 1487 699 1547 in
720 1485 872 1563 Comitiis,
900 1487 1011 1549 Pisonii
1031 1508 1079 1549 su.
1115 1558 1123 1575 ⁸

61 1588 144 1649 lost
162 1587 332 1661 celebratis,
353 1587 581 1671 poscebant,‚ut
600 1588 700 1648 missis
723 1572 786 1648 aliis
808 1590 954 1668 negotiis,
975 1602 1079 1651 comm

60 1685 261 1770 querimoniae
274 1695 344 1750 ante
358 1690 455 1751 omnia
471 1689 634 1764 audiantur,
653 1689 856 1753 examinentur
870 1697 959 1771 atque
973 1691 1084 1752 damac

60 1790 396 1853 istunc-:reddendo
403 1788 514 1869 templa
523 1789 708 1869 scholasque,
717 1793 919 1857 ctrcvocando
927 1811 1081 1855 sacrorum

60 1893 216 1955 Ministros
237 1893 619 1960 abactos-resarciantur.
642 1889 705 1953 Sed
725 1910 791 1951 cum
813 1911 902 1960 causa
921 1893 998 1954 haec
1013 1896 1079 1954 -noir

60 1995 213 2057 videretur
233 1995 265 2055 iu
287 1994 421 2055 Comitiis
441 1995 500 2055 rite
520 1995 676 2074 cognosci,
697 1994 815 2073 inquiri,
835 1970 990 2076 dijudicari
1009 2015 1080 2077 pos·

61 2098 116 2157 sot¹
135 2095 342 2163 Ferdinandus
363 2094 413 2154 lll.
434 2095 614 2175 petitoribus
640 2095 793 2178 promisit,
821 2115 855 2156 se
882 2115 986 2157 eorum
1007 2117 1078 2176 quc-

60 2198 140 2258 relas
169 2197 263 2257 finitis
295 2195 429 2257 comitiis
461 2197 622 2257 examinari
643 2200 830 2272 curctumm,
862 2203 951 2277 atque
971 2198 1079 2278 injuria
1185 2202 1188 2209 '

64 2298 182 2359 affectis
204 2312 356 2377 exaequo
376 2296 606 2359 satisfacturum.
644 2296 804 2357 Enimvero
832 2317 893 2359 non
919 2300 1079 2379 praestitit,
1166 2338 1169 2345 .

63 2397 142 2479 quod
171 2397 319 2478 pollicitus
340 2396 441 2458 fuerat
460 2397 538 2458 Rex.
559 2397 636 2459 Nam
656 2404 692 2460 et·
717 2398 906 2477 catholicos,
932 2400 1078 2480 neglectis
1103 2434 1106 2441 ·

61 2500 250 2580 Evangelicis
283 2499 404 2560 summis
434 2499 608 2560 admovebat
628 2500 863 2580 magistratibus,
885 2506 917 2561 et
936 2503 1079 2575 territorii

61 2602 210 2677 Iluminis,
230 2606 336 2683 aperta
356 2599 544 2663 Nostratibus
566 2601 676 2680 templa
697 2602 907 2681 eripientibus,
935 2603 1078 2664 miserum

60 2703 203 2786 populum
217 2702 410 2782 gravissimas
431 2703 527 2762 minas
549 2702 578 2761 ci
598 2702 767 2763 incutiendo
783 2703 821 2763 ad
835 2723 920 2764 sacra
930 2702 1078 2767 Romano-

63 2804 216 2867 Gatholica
233 2800 467 2878 truducenbbds,
488 2809 577 2882 atque
596 2802 752 2866 Ministros
772 2803 966 2885 Evangeliccs
988 2825 1078 2867 exau·

63 2905 266 2982 ctorautibus,
294 2909 451 2985 tantopere
472 2904 664 2980 connivebat,
685 2910 719 2965 ut
739 2904 911 2985 Evangelici
929 2912 1078 2968 tercento-
1142 2916 1169 2987 ’-

17 2991 23 2999 ¹
63 3001 130 3067 rum
151 3007 226 3069 adeo
247 3006 424 3088 templorum
445 3006 604 3085 deplorare
625 3006 782 3087 debuerint
799 3007 957 3086 jacturam.
998 3006 1079 3088 Inju-

63 3108 138 3169 rium
159 3109 279 3170 hancce·
292 3129 361 3169 cum
380 3107 459 3184 Rex,
477 3108 642 3169 identidem
664 3108 839 3190 suppliciter
858 3113 988 3188 rogatus,
1009 3129 1079 3189 pro·
1158 3096 1161 3103 ¹

63 3209 186 3289 pulsare
223 3211 330 3285 nollet,
359 3209 516 3271 Nostrates
544 3229 614 3271 sese
643 3229 719 3270 anno
755 3209 838 3271 1644
870 3210 903 3270 in
929 3211 1020 3271 fidem
1048 3216 1081 3273 et
1136 3272 1140 3281 ,

63 3310 233 3385 clientelam
254 3311 376 3390 Georgii
396 3311 555 3393 Rtkocuy,
576 3310 824 3391 Transsylvsniac
839 3312 992 3393 principis,
1011 3331 1080 3398 cou7

52 3412 205 3485 tulerant.
254 3411 396 3491 Rtkoczy
423 3413 593 3474 calamitosa
613 3419 694 3475 sorte
716 3412 953 3493 Supplicautium
971 3419 1098 3498 motus,

63 3514 246 3595 Hurrgariam
266 3515 386 3589 invasit,
407 3520 496 3594 atque
516 3515 599 3576 brevi
619 3516 762 3596 temporis
777 3515 930 3577 intervallo
944 3516 1082 3578 universa

63 3617 132 3698 ejus
153 3623 240 3699 parte
261 3615 416 3696 Superiori
434 3616 595 3679 Posonium
615 3637 710 3696 usque
730 3616 810 3679 nullo
829 3617 954 3697 negotio
967 3618 1079 3698 potitus

64 3717 142 3791 ἤιξε.
163 3718 300 3795 Territus
329 3716 396 3778 Rex
426 3716 465 3778 ad
494 3738 598 3798 pacem
628 3717 795 3787 faciendam
816 3719 982 3795 consensit,
1004 3737 1081 3801 quae

65 3818 162 3895 [ducii
190 3821 220 3882 d.
243 3821 292 3881 16.
315 3820 400 3899 Sept.
423 3819 507 3881 1645
532 3821 617 3881 hisce
646 3819 755 3880 coaluit
785 3819 1016 3881 conditionibus:
1047 3824 1081 3881 ut

66 3923 246 3995 confirmado
267 3922 414 3998 decretis,
446 3923 594 4004 prioribus
615 3922 798 4002 temporibus
818 3921 972 4000 religionis
991 3938 1080 3980 causa
1116 3954 1122 3974 ι

25 4015 36 4031 '
67 4021 152 4100 lutis,
171 4025 298 4091 maxime
309 4023 443 4091 Articulo
457 4023 554 4106 primo
567 4020 760 4085 Gcmiticrum
779 4023 849 4085 anni
870 4022 964 4096 1608,
984 4020 1080 4082 Evau-

857 4123 879 4184 8
