2544 4694
543 441 608 509 24⁵

96 630 254 691 raupaeque
268 611 417 686 solemnis,
430 610 497 691 plns
510 610 643 671 minuare
657 612 777 673 fuerant
791 620 932 674 amantes.
972 612 1079 674 Emor-

96 713 130 773 ris
150 706 332 793 pedetentim
353 712 494 773 Paroobis
520 711 676 773 formulam
704 712 867 774 Romanam
887 714 1014 775 firmiter
1033 720 1081 775 te·

96 808 226 887 artibus,
256 832 315 892 qno
344 820 376 873 et
403 812 546 892 majorem
572 814 604 871 in
632 814 763 874 doctrina
792 815 957 894 ritibusque
988 816 1080 877 sacris

96 908 294 977 »mentonem
315 914 513 993 producerent
533 912 666 988 Fratres,
687 920 719 974 et
740 935 808 974 sese
828 920 930 975 centn
950 916 1080 995 impetus

96 1014 311 1099 iversariornm¹
323 1014 558 1094 praemunirent,
588 1033 665 1074 anno
686 1013 769 1094 1558
790 1016 1003 1089 decreverunt,
1025 1036 1080 1092 „ae

96 1114 320 1189 ,Confessione
340 1115 531 1195 Angustanae
552 1133 690 1193 congrua,
711 1115 917 1176 abeonbardo
931 1116 1082 1178 Stiiclrelio

96 1214 270 1277 lehntbonis
291 1214 454 1295 discipulo,
482 1214 679 1301 Bartphensis
701 1213 827 1277 Scholae
847 1215 996 1294 Rectore,
1024 1238 1082 1298 pro
1200 1202 1205 1211 ¹

96 1316 210 1397 ΙιιΙιιιιιιιι
248 1314 423 1375 Civitatibus
454 1313 557 1394 Regiis
597 1313 765 1394 Superioris
802 1316 971 1397 lluugariae
1009 1338 1080 1379 con-

96 1418 198 1499 trlpta,
218 1436 306 1498 quam
333 1416 517 1495 Eperiessini
544 1415 696 1497 Stephano
726 1418 853 1479 llardala
881 1416 1079 1504 (Sbardalat),

96 1520 221 1599 piaoope
247 1514 395 1594 Vaciensi,
416 1524 448 1579 et
470 1518 616 1597 Gregorio
637 1519 748 1594 Sibrilr,
769 1520 866 1600 Regio
894 1521 1080 1597 consiliario,

96 1638 117 1681 ι.
139 1616 409 1694 moerendum,
430 1617 498 1679 Rex
517 1617 722 1681 Ferdinandus
743 1620 766 1680 1.
788 1622 894 1683 eodem
914 1622 991 1684 auno
1010 1641 1081 1702 pro

96 1722 150 1785 trit
168 1720 362 1801 adquiescere
382 1720 491 1781 velle.“
532 1720 674 1781 Ceterum
694 1723 725 1781 in
747 1723 813 1801 ipsa
827 1721 925 1784 torma
943 1728 974 1784 et
994 1743 1079 1784 oeco

96 1816 172 1885 amia
190 1820 401 1898 fraternitatis,
429 1823 511 1884 lacto
531 1843 549 1884 a
570 1825 661 1884 sacris
680 1823 821 1885 Romanis
843 1827 881 1887 ad
901 1826 1083 1906 Euangeliou

96 1924 216 1999 araaitu,
235 1923 448 2004 propemodum
468 1910 543 1983 nibil
564 1930 707 1984 mutatum
728 1930 785 2000 est,
806 1926 930 2005 ipseque
951 1926 1081 2007 Praepo-

96 2030 147 2107 tua
177 2022 305 2105 Capituli
336 2024 543 2103 Scepusiensis
574 2024 683 2084 mansit
713 2044 889 2103 supremus,
928 2027 960 2087 in
990 2028 1082 2088 rebus
1128 2036 1130 2041 '

96 2114 291 2187 ¹ecclesiacticis
311 2124 516 2185 Fraternitatis
532 2123 733 2204 Magistratus,
754 2127 803 2185 cni
822 2145 878 2205 pro
899 2126 991 2187 tutela
1004 2146 1082 2188 nnnc

96 2245 190 2307 noque
208 2224 348 2286 Pastores
369 2224 540 2304 Evangelici
574 2223 705 2284 &nsum
725 2223 969 2286 cathedraticum
997 2247 1083 2288 sexa·

96 2328 155 2389 bate
172 2326 221 2389 vel
240 2345 300 2391 uno
326 2344 416 2405 snpra
442 2325 594 2404 sexaginta
626 2326 722 2386 aureis
752 2328 952 2403 constantem,
985 2327 1082 2389 solve-

96 2434 163 2505 nrt,
190 2426 303 2489 adnexa
323 2425 479 2487 tamenab
502 2424 742 2486 an.inde1612
764 2426 881 2505 saepius
905 2428 1082 2505 conditione,

96 2538 103 2594 t
132 2526 423 2607 idm-Praepositae
444 2525 673 2585 Fraternitatem
702 2532 804 2586 contra
832 2527 954 2607 iujurias
976 2535 1009 2589 et
1028 2550 1082 2609 op·

96 2630 244 2695 ιωιίοιια
264 2628 471 2710 cujuscunque
487 2625 605 2705 generis
627 2623 777 2686 defendat.
832 2625 998 2709 Praepositi
1018 2628 1083 2708 ple-

96 2750 196 2813 nnque
226 2730 323 2791 amice
352 2727 518 2790 tractabant
547 2725 657 2806 Viginti
688 2726 821 2803 Quatuor
848 2726 1003 2808 Regalium
1024 2729 1081 2793 Ρι-

96 2854 179 2911 orea,
198 2834 240 2894 ita
260 2838 294 2892 ut
315 2851 368 2892 eos
388 2829 531 2890 Filiorum
553 2837 584 2890 et
603 2829 827 2890 Honorabilinm
848 2835 937 2909 atque
949 2820 1082 2892 Venera-
1175 2852 1178 2859 ·

96 2938 174 2999 liam
194 2934 333 2995 Fratrum
352 2930 446 2992 titulis
467 2930 667 3010 dignarentur,
688 2948 744 3009 pro
760 2928 967 2990 conservandis
979 2949 1082 2991 eorum
1166 2958 1171 2969 ·

96 3036 193 3117 tribua
222 3033 301 3114 apud
331 3032 433 3113 Reges
453 3031 623 3111 lluugariae
643 3030 862 3091 intercederent
893 3026 988 3113 (quod
1008 3051 1082 3111 prae

96 3136 199 3217 liquis
215 3135 333 3196 lllasius
353 3151 400 3194 au.
424 3130 525 3205 1555,
547 3138 579 3191 et
598 3132 805 3191 Bornemissae
825 3148 873 3191 an.
895 3129 977 3191 1572
997 3131 1082 3193 fece-

96 3234 154 3322 nrt)
176 3236 222 3297 ets
241 3236 379 3314 denique,
401 3232 541 3313 quamdiu
562 3230 787 3291 contessionem
808 3230 1009 3311 Angustanam
1028 3231 1083 3291 {lr-

96 3342 160 3403 iter
178 3337 349 3410 tenuerint,
369 3332 494 3395 tutelam
513 3333 728 3411 promitterent.
772 3330 806 3392 Si
826 3351 898 3392 vero
917 3331 1083 3413 Praepositi

96 3446 101 3504 i
124 3438 274 3501 interdum
295 3438 462 3518 asperiores
483 3454 553 3495 aese
574 3434 789 3507 exlribnerunt,
820 3452 887 3493 mor
916 3434 1081 3514 prudentia,

96 3560 140 3605 ox
161 3540 358 3613 animositate,
378 3556 446 3597 moa
468 3537 553 3597 donis
573 3535 728 3595 Pastorum
747 3533 947 3614 placabantur.

155 3624 335 3701 Farentrbna
364 3639 406 3698 ita
434 3638 588 3697 abzlfe‘xtra
608 3635 653 3695 rei
673 3630 873 3714 Evangelicae'
888 3637 1082 3715 temporibus,

96 3740 223 3807 erebus
244 3741 306 3800 suia
326 3740 443 3799 interne
464 3737 635 3809 firmandis,
662 3734 781 3795 solliciti
829 3735 949 3796 inerant
969 3736 1083 3797 Trede-

96 3848 133 3907 'urt
154 3840 339 3923 oppidorum
359 3838 532 3917 Evangelici
550 3838 698 3897 Pastores.
756 3836 896 3896 Huncin
915 3838 1005 3897 finem
1022 3855 1084 3897 non
1172 3826 1175 3831 ⁵

96 3944 203 4027 mplius
223 3941 356 4005 contenti
376 3936 573 3998 Confessione
588 3937 671 3997 lidei
699 3957 716 3997 a
737 3936 887 3997 Stbolelio
907 3936 1082 4017 conscripto,

96 4066 151 4109 ano
170 4042 255 4107 lton
273 4062 330 4124 per
349 4040 506 4103 Nicolcam
525 4038 661 4113 Otabum,
682 4038 986 4118 Archi-Episcopum
1007 4037 1083 4103 Stri-
