2544 4694
605 383 668 445 lon

537 466 737 481 *un—an-

131 560 301 617 etcertum
323 571 480 615 aureorum
502 554 694 615 exsolutionis
714 554 938 628 interminatum
966 554 1024 613 alio
1045 562 1143 614 antem

132 657 255 717 decreto
265 656 295 715 d.
310 654 340 715 4.
350 655 446 735 April.
468 654 562 728 luae,
581 660 616 715 ut
635 652 794 739 'l'rodecirn
817 653 964 734 Oppidani
984 674 1051 715 caun
1071 674 1145 715 uxo-

132 758 233 831 ribus,
254 756 358 817 liberis
381 764 412 817 et
441 755 587 817 famulitio
616 774 675 815 non
695 756 784 815 modo
804 756 1024 817 imminentibus
1044 756 1144 816 Festis

129 858 330 939 paschalibus,
351 858 407 918 sed
427 858 529 937 quotis
551 857 601 916 die
616 856 735 917 Domini
753 858 847 918 sacris
869 856 1032 919 Catholicis
1051 855 1145 917 iuter-

129 960 210 1034 sint,
239 959 411 1038 imperavit3
444 957 597 1017 Jndicibus
617 975 705 1032 aero,
735 959 761 1017 si
791 958 944 1019 decretum
969 958 1065 1032 hocce
1085 976 1144 1019 non

128 1058 369 1141 promulgarent,
390 1076 485 1138 poena
506 1058 716 1138 qninquaginta
734 1057 915 1118 thalerornm
935 1058 1108 1120 minabatur.

219 1159 327 1221 Evenit
348 1161 468 1239 quidem
489 1177 708 1237 nonnunquam,
740 1166 774 1218 ut
801 1159 921 1219 decreta
942 1178 1144 1240 proponeren-

128 1268 201 1334 tur,
221 1279 297 1340 quac
316 1261 494 1340 patrocinari
514 1258 701 1338 Eraragclicis
722 1258 912 1335 ridebantnr3
945 1262 999 1321 sed
1027 1256 1144 1341 tempu's

128 1368 287 1444 posteram
307 1362 422 1435 docuit,
441 1361 474 1421 id
495 1360 614 1439 generis
642 1359 748 1435 Jnssa,
774 1360 858 1421 vafre
879 1366 917 1449 ct·
931 1362 1053 1437 callide,
1075 1382 1144 1423 con-

108 1464 203 1527 atita
229 1464 443 1545 praecipitandi
462 1462 676 1541 Evangelioos,
707 1462 804 1523 fnisse
823 1464 950 1525 condita.
999 1462 1087 1526 Patet
1112 1465 1145 1525 id

125 1564 317 1641 luculenter,
337 1566 365 1626 sl
385 1565 522 1646 ejusdem
538 1564 735 1626 Moscbinslrii
756 1566 893 1641 decreta,
915 1566 1144 1627 distantem.

109 1672 166 1729 ‘et
187 1668 239 1728 11.
259 1666 365 1729 Martii
385 1666 615 1727 1ffl8·inricem
636 1666 898 1728 contenderimus·
918 1666 1015 1729 Priori
1034 1668 1144 1749 quippe

127 1768 257 1831 deoroto
291 1767 425 1829 laudatur
461 1766 772 1847 Viae-Capitonem,
803 1768 997 1849 Euangelicos
1027 1787 1144 1850 quoqne

119 1870 229 1933 officii
258 1868 389 1944 ludiois,
430 1868 623 1949 aliorumque·
639 1890 793 1930 munerum
822 1890 945 1950 capaces
965 1870 1143 1944 'declaravit

113 1983 320 2053 dpocuumque
339 1977 458 2032 centnm
478 1970 676 2050 imperialium
693 1970 890 2031 'l'balerorum
909 1972 940 2031 in
961 1992 1014 2033 eos
1034 1972 1145 2047 statuit,

111 2075 187 2155 ,qui
206 2073 335 2135 delatum
354 2090 460 2133 rannus
488 2079 679 2146 recusarent3
708 2072 869 2152 posteriori
897 2072 996 2133 edicto
1009 2089 1012 2095 ·
1023 2092 1146 2153 praece-

116 2176 202 2255 ψη,
227 2182 262 2234 ut
287 2192 409 2248 omnes,
440 2174 491 2254 qul
511 2174 673 2235 bonoribus
695 2180 853 2248 ornantur,
882 2173 1069 2254 Religionem
1091 2174 1147 2234 (la-

108 2276 277 2359 slbolicam
303 2277 447 2356 probent,
489 2283 520 2337 ct
551 2275 703 2336 bominica
735 2274 900 2337 Palmarum
931 2275 1146 2356 professionem

118 2380 243 2452 'edant3
264 2378 343 2457 quod
369 2379 419 2456 qui
439 2376 542 2437 facere
563 2378 781 2451 detrectarent,
811 2379 960 2440 amotione
981 2379 1018 2439 ab
1039 2378 1147 2438 officiis

108 2490 167 2545 ,οι
188 2479 271 2541 mille
291 2497 448 2540 aureorum
468 2480 576 2540 mulcta
597 2480 747 2560 plectendi
768 2479 876 2541 forent.

218 2580 318 2642 llluuit
342 2582 462 2642 landem
493 2581 544 2640 diu
569 2582 680 2642 vexatis
700 2582 887 2662 Evangelicis
908 2580 1067 2644 'fredecim
1084 2582 1146 2662 (lp-

109 2684 251 2769 1ridanis
290 2702 357 2743 ann.
396 2683 479 2743 losa
506 2683 662 2744 meliorum
691 2691 856 2764 temporum
890 2704 971 2765 spes.
1030 2684 1148 2745 Etenim

108 2784 265 2851 Joannes
286 2783 335 2844 lll.
356 2782 497 2843 Poloniae
516 2782 598 2858 lter,
628 2783 770 2844 Mandata
792 2784 820 2844 d.
842 2786 873 2845 9.
895 2784 977 2864 Sept.
1001 2784 1147 2859 confecto,

110 2884 297 2951 ’tumeam
327 2885 499 2966 Oppidanos
525 2887 720 2965 provocabat,
749 2892 781 2946 ut
811 2886 838 2946 si
859 2906 932 2966 quas
954 2886 1149 2966 querimonias

116 2988 293 3061 haberent,
309 2988 349 3047 ad
365 3006 433 3049 eum
449 2986 652 3067 confugerent.
673 2988 717 3049 lta
733 2990 842 3068 quippe
861 2988 994 3068 scripsit:
1015 2988 1150 3065 „Quodsi

120 3108 210 3152 ‘sero
231 3090 381 3170 quidpiam
400 3091 515 3150 ratione
535 3088 704 3169 religionis,
731 3090 804 3149 fidei
826 3095 857 3149 et
877 3088 1078 3163 ecclesiarum,
1099 3088 1150 3149 Fi-

108 3190 277 3255 ·‹lelitater
298 3189 425 3252 Vestrae
446 3196 579 3271 mactas
600 3210 670 3252 sese
690 3192 836 3251 sentiunt:
857 3190 920 3251 Nos
942 3192 1000 3252 deo
1019 3190 1147 3265 volente,

129 3312 177 3357 ea
196 3294 294 3355 omnia
314 3292 408 3367 domi,
429 3292 541 3373 absque
562 3294 661 3373 quavis
683 3298 805 3354 externa
822 3293 1023 3373 inspectione,
1044 3292 1151 3355 medis

124 3396 281 3479 Jrscoatis,
301 3413 358 3475 per
378 3393 602 3456 commissarios
622 3403 756 3469 nostros,
778 3414 832 3455 sen
853 3396 954 3475 quovis
975 3396 1033 3456 alio
1053 3394 1152 3467 modo,

125 3498 176 3561 ad
207 3494 439 3557 satisfactionem
474 3495 687 3571 sufficientem,
724 3496 936 3576 complanaturi
966 3501 998 3558 et
1027 3498 1153 3577 soplturi

133 3602 279 3661 sumus.“
321 3596 441 3677 interim
462 3598 569 3657 blanda
589 3598 703 3658 haecce
722 3598 816 3678 Regis
837 3598 945 3673 verba,
965 3598 1152 3679 Evangelicis

116 3696 299 3763 ‘'l'redecim
326 3700 488 3779 Oppidanis
518 3700 631 3760 nullum
651 3700 811 3761 attulerunt
833 3701 1025 3762 commodum.
1077 3698 1153 3759 Cum

128 3806 219 3891 enim
239 3802 336 3883 gratia
356 3800 451 3881 Regis
470 3802 606 3878 ardmati,
628 3800 753 3882 Templa
773 3804 831 3863 sibi
862 3802 980 3865 restitui
1006 3807 1153 3881 peterent,

125 3898 270 3965 Joannes
290 3902 320 3963 d.
341 3900 374 3963 b.
395 3902 472 3983 blaji
493 3903 576 3963 losa
596 3904 751 3984 rescripsit
770 3924 825 3977 „se
846 3903 886 3964 de
906 3903 1099 3963 restituendis
1120 3904 1152 3962 ln

126 3996 286 4085 Scepmio
308 4002 454 4063 lioclesiis
483 4010 547 4064 tum
575 4002 693 4065 demum
721 4004 874 4065 consilium
904 3998 1044 4065 iuitmiun
1065 4010 1154 4066 etex
