2544 4694
618 384 668 459 85.

132 557 334 638 1t95¹,·quod
355 555 489 637 opifices
509 550 706 633 Bourgelioos
727 551 907 631 obligatione
929 572 1014 614 sacra
1035 552 1145 615 Catho-

130 663 188 721 hca
218 658 390 721 sublevandi
420 656 518 718 solvit.
570 655 720 715 Summam
746 671 865 733 quoquc
892 655 1144 733 praedicationem

131 768 163 824 ct
181 760 300 823 landem
330 763 474 821 meretur-
489 757 594 836 optimi
620 754 764 834 principis
784 753 910 815 facilitas
932 757 964 815 in
988 757 1146 817 tribuenda

129 863 319 925 Nostratihus
340 865 490 941 potestate
520 857 671 927 Solemnis
699 846 875 916 secularium
902 857 1061 917 Sacrorum
1076 877 1145 938 per

130 963 295 1024 Lntharnm
316 962 539 1023 emendatorum
568 959 690 1019 tertium
717 959 934 1018 recurrentium
963 977 1040 1019 anno
1061 960 1145 1020 1811

128 1064 309 1126 celebrandi.
351 1062 458 1142 Neque
481 1061 530 1121 fas
549 1060 629 1121 foret
651 1059 769 1137 silentio
788 1061 955 1139 praeterire
975 1060 1145 1122 immunita-

129 1176 193 1227 tem
222 1165 410 1247 Magishatui
441 1168 542 1224 nustm
558 1154 787 1222 'Ecclesiastico
825 1160 854 1220 d.
885 1162 936 1221 lo.
961 1161 1031 1223 lun.
1062 1163 1170 1235 18⁸>

129 1284 310 1340 concessam,
330 1265 459 1344 gratuito
479 1262 637 1324 mandandi
657 1263 760 1325 cursui
778 1263 902 1341 publico
918 1262 1029 1337 literas,
1049 1265 1081 1324 in
1095 1284 1145 1326 re·

119 1370 187 1427 hus
207 1365 428 1427 lllcclesiasticis
450 1366 589 1445 quopiam
608 1364 813 1444 perferendas.
861 1362 947 1425 llaec
967 1362 1086 1445 quidem
1107 1365 1145 1429 ad

121 1467 280 1547 Ecclesiae
300 1468 458 1549 pertinent
525 1474 540 1528 .ἐ
860 1512 865 1519 .
1113 1462 1115 1467 ’

154 1598 186 1633 -=:-
203 1568 279 1631 sen·
296 1567 484 1631 Scholoruora
505 1580 632 1648 quoque,
644 1567 805 1630 Franciaco
826 1568 996 1629 dominante
1016 1588 1144 1649 percen-

127 1670 215 1733 sendi
230 1676 305 1731 'aunt
324 1670 411 1737 nobis
434 1688 530 1729 casus.
553 1668 650 1729 .Poat
670 1668 822 1731 conditum
842 1688 918 1731 anno
930 1669 1016 1749 1⁷93
1026 1670 1143 1732 Articu-
1201 1662 1204 1667 ’
1261 1732 1263 1737 ,

120 1770 317 1839 lurnXXVl.
338 1769 385 1831 ias
407 1776 472 1831 erat
491 1771 533 1830 ihi
552 1770 695 1844 locorum,
716 1770 768 1830 uhi
789 1769 934 1831 Catholici
955 1770 1073 1833 Scholia
1094 1791 1164 1834 ιιι-ι

126 1874 243 1949 roboam
263 1873 355 1947 etiam
374 1871 477 1931 liheris
499 1870 663 1931 Catholicis
682 1871 856 1950 parentibus
884 1864 979 1947 natis,
1006 1872 1143 1954 Evange-

126 1976 252 2037 licorum
280 1972 365 2036 adire
390 1973 486 2033 ludos.
528 1971 697 2033 Intimatum
724 1972 785 2035 diei
813 1973 864 2032 lo.
889 1973 960 2033 Oct.
989 1974 1072 2035 lasa
1096 1974 1143 2036 ia·

128 2075 270 2137 cultatem
281 2076 405 2153 hancce
424 2092 485 2135 non
504 2072 634 2135 abolevit
654 2073 793 2152 quidem,
825 2073 880 2135 sed
892 2080 999 2135 tamen
1019 2095 1143 2155 pracce-

128 2178 184 2257 pit,
205 2181 240 2236 ut
261 2175 482 2245 catholicorum
502 2174 579 2251 nati,
600 2179 651 2235 aut
677 2174 710 2233 iu
729 2173 877 2253 religione
897 2174 1051 2237 catholica
1070 2177 1143 2238 edu·

129 2276 235 2353 candi,
273 2277 397 2338 Scholas
432 2276 678 2356 llvangelicoaum
711 2275 937 2354 frequentantes
965 2282 1143 2358 tempestate

127 2378 362 2460 praelectionum
388 2379 437 2440 vel
465 2378 632 2440 examinum
661 2395 699 2438 ex
723 2377 876 2458 religionis
902 2379 1039 2440 doctrina
1057 2381 1143 2442 insti·

128 2487 277 2557 tntorum,
308 2501 346 2541 ex
374 2480 485 2541 Schola
509 2480 702 2541 dimittantrn.
752 2479 900 2557 ¹Quoniam
920 2498 993 2540 roro
1013 2479 1142 2544 Scholac

127 2583 328 2664 Evangelicae
337 2583 554 2663 propemodum
570 2583 680 2661 ubique
699 2583 742 2643 ita
753 2583 832 2643 hene
849 2588 933 2644 mant
954 2584 1141 2658 constitutae,

126 2692 162 2746 ut
177 2685 319 2766 juventas
339 2686 372 2746 in
390 2684 451 2745 illis
471 2685 503 2745 in
523 2684 642 2765 optimis
669 2685 780 2761 artibus
809 2685 933 2764 egregie
962 2685 1142 2763 proliceret:

126 2787 240 2849 factm
259 2792 317 2861 est
338 2791 373 2846 ut
391 2784 526 2865 plunhns
546 2786 586 2847 in·
597 2784 672 2846 locis
694 2783 841 2871 Catholici
854 2803 972 2866 qnoque
991 2791 1141 2866 parentes,

127 2889 241 2949 liberos
261 2907 332 2950 suos
353 2887 391 2948 ad
412 2876 544 2949 Scholas
559 2884 753 2967 Evangelicas
774 2886 937 2947 mitterent.
980 2885 1086 2949 Clarus
1110 2886 1141 2949 id

128 2990 226 3050 invido
236 2989 321 3050 oculo
332 2980 455 3050 intuitus
473 2988 584 3063 effecit,
594 2994 628 3050 nt
635 2988 792 3050 Nostrates
803 2987 940 3049 Intimato
957 2987 1008 3049 12.
1020 2986 1140 3069 Septhr.

131 3090 214 3151 1191
240 3090 397 3153 Studiosos
425 3090 596 3151 catholicos
625 3090 664 3151 ad
700 3089 826 3151 Scholas
851 3088 1046 3171 Evangelicas
1075 3090 1142 3151 aiae

128 3191 273 3273 monheri
291 3193 376 3253 venia
396 3191 490 3272 Regis
510 3192 648 3270 recipcre
668 3192 913 3271 prohiberentur,
941 3190 1037 3253 altero
1070 3209 1141 3252 vero

128 3292 266 3355 lntimato
286 3292 348 3353 diei
366 3291 396 3353 h.
418 3294 555 3353 Deobris.
577 3291 669 3352 1198.
690 3291 778 3352 liberi
797 3292 970 3371 parentibus
992 3280 1153 3354 Romano?

131 3393 294 3457 canones
316 3395 387 3468 narr,
409 3415 426 3453 a
447 3394 564 3454 annom
584 3392 772 3473 aragones
792 3394 830 3454 m
851 3394 883 3455 m
902 3376 995 3468 roca,
1025 3395 1056 3455 m
1077 3395 1141 3474 qar-
1222 3436 1225 3442 .

129 3498 185 3557 hus
203 3494 334 3557 Scholas
351 3493 522 3555 Catholicae
542 3493 659 3567 adsunt,
681 3500 865 3568 arcerentur,
885 3495 1141 3575 imperareturque
1240 3547 1242 3551 .

130 3618 170 3659 ne
186 3598 328 3679 juventus
351 3594 506 3656 catholica
536 3595 574 3656 ad
595 3595 718 3669 Scholas
739 3584 932 3675 Evangelicas
961 3597 1056 3658 inscio
1084 3597 1140 3657 Pa·

130 3700 223 3762 rocho
243 3698 425 3760 admittatur.
457 3720 460 3727 ·
484 3697 517 3757 ln
539 3697 673 3757 eamdem
694 3698 870 3759 sententiam
898 3704 1041 3778 concepta
1071 3703 1140 3758 aunt

130 3802 264 3862 lntimata
286 3797 505 3860 d.19.l)echr.
527 3798 611 3860 1820
632 3805 664 3859 ct
683 3799 734 3859 31.
752 3798 829 3878 Aug.
851 3798 943 3874 1824,
965 3798 1070 3879 quihus
1091 3816 1141 3859 sc·

130 3904 282 3964 serissime
311 3902 515 3977 interdicitur,
553 3919 591 3961 nc
619 3899 747 3963 luvenes
774 3899 922 3963 Catholici
949 3901 987 3960 ad
1015 3899 1139 3963 Scholas

131 4003 323 4083 Evangelicas
343 4002 532 4083 accipiantur.
