2544 4694
144 616 147 621 Ι
191 511 356 612 sQuoniam
377 530 485 593 clerus
499 527 700 611 ilungaricus,
721 527 752 587 in
771 524 951 599 intuearis,
972 526 1143 607 opprimen-

126 639 172 700 dis
194 644 225 699 et
245 633 444 715 exstirpandis
466 631 664 712 conspiravit:
687 628 846 690 Martinus
867 627 994 701 Petico,
1016 628 1142 709 Episco-

112 760 181 821 pus
209 737 419 809 Varadiensis,
447 732 684 823 Locumteuens,
712 735 744 790 et
775 729 903 817 Capituli
935 720 1143 810 Scepusiensis

124 841 332 921 Praepositus,
365 837 430 917 jam
457 835 495 896 ad
521 833 718 913 amplissimos
744 831 1015 913 Archi-Episcopi
1043 830 1145 892 Colot-

129 943 227 1004 senais
256 946 288 1001 et
307 937 485 1012 Baesensis,
515 956 571 997 nee
592 955 650 996 non
669 933 922 995 Administratoris
945 933 1144 1013 Episcopatus

127 1042 313 1103 ,laurinensis
345 1040 473 1099 honores
505 1018 678 1117 provectus,
714 1033 904 1114 Imperatoris
932 1033 1084 1115 Rudolphi
1108 1034 1145 1095 11.

129 1152 162 1204 et
183 1143 322 1203 Potoniae
343 1140 437 1218 Regis
459 1138 640 1218 Sigismundi
660 1135 709 1205 111.
731 1131 795 1218 (die
815 1136 910 1216 prima
929 1136 1025 1216 April.
1044 1133 1146 1220 Ι1604)
1190 1202 1192 1206 Α

129 1244 286 1321 Mandata,
319 1243 357 1303 de
383 1241 517 1322 Templis
545 1241 577 1301 in
605 1239 765 1307 Tredecim
786 1238 909 1318 0ppidis
931 1239 967 1297 ab
988 1238 1148 1319 Evangeli-

131 1365 234 1407 corum
253 1344 445 1423 possessione
477 1342 676 1415 vindicandis,
704 1346 743 1423 et
766 1341 888 1401 remotis
904 1359 977 1401 vnon
1008 1340 1161 1433 legitimis!

131 1446 273 1521 dominis,
305 1445 382 1505 veris
411 1443 552 1504 Paroehis
582 1438 775 1527 (Gadrolicis)
796 1442 833 1501 iia
855 1442 1073 1521 praeficiendis,
1092 1443 1148 1502 im-
1252 1502 1258 1511 ,

130 1548 266 1628 petresit.
309 1546 367 1607 His
397 1546 560 1606 instructus
583 1542 633 1605 die
654 1543 705 1627 il.
728 1543 812 1621 Sept.
834 1561 881 1601 an.
904 1542 1149 1624 16041ιοψί-

114 1648 192 1710 xtulo
211 1648 407 1727 Seepusiensi
429 1647 602 1726 comparuit,
624 1651 713 1724 atque
728 1645 837 1705 coactis
846 1643 961 1704 Comite
971 1641 1104 1729 (Graiio)
1117 1652 1150 1709 et

127 1748 291 1810 ·'l'redeoim
308 1748 494 1829 Oppidorum
509 1746 670 1806 Judicibus.
692 1745 819 1825 Regium
830 1744 1004 1807 Mandatum
1016 1745 1151 1826 protulit,

131 1870 191 1931 quo
200 1849 332 1909 mriversi
346 1847 506 1929 Tredecim
514 1846 893 1929 OppidommHabitatores
907 1836 1034 1926 Templa
1042 1847 1152 1909 Archi·

131 1952 283 2033 Episcopo
290 1938 661 2029 Coiotsensi,aperire,iiia
672 1949 766 2027 ipsius
779 1949 918 2027 potestati
930 1955 962 2008 et
975 1948 1153 2011 ordinationi

124 2034 312 2134 permittere
338 2057 429 2132 atque
459 2069 656 2141 quoscunque!
676 2049 728 2109 iile
756 2049 905 2111 Parochos
934 2050 1079 2112 Eoolesiis
1100 2051 1154 2113 ad-

134 2158 286 2228 moveret,
307 2171 360 2212 eos
381 2171 470 2233 veros
492 2170 528 2211 ae
550 2142 699 2229 legitimos
720 2149 858 2210 Pastores
880 2156 912 2210 et
931 2150 1081 2214 Parochos
1099 2154 1155 2216 ha-

136 2253 211 2314 bere
225 2253 427 2335 jubebantur,
448 2254 567 2313 nemine
587 2251 665 2324 alio,
686 2259 807 2331 praeter
828 2271 896 2326 eos,
928 2253 967 2313 ad
986 2251 1154 2316 functiones

136 2357 268 2417 muneris
290 2357 385 2431 sacri,
406 2334 545 2416 admisso.
583 2354 724 2415 Mondato
745 2354 932 2433 promulgato
952 2354 1079 2436 Templa
1098 2350 1157 2419 sibi

137 2456 282 2539 resignari
297 2457 405 2537 jussit,
426 2456 530 2516 vividis
552 2455 730 2516 adumbrans
752 2455 900 2543 coloribus
921 2457 1103 2536 periculum,
1123 2460 1157 2520 in

138 2556 218 2639 quod
239 2542 310 2619 sese
330 2556 490 2617 'l'redeeim
511 2554 660 2636 Oppidani
683 2556 847 2636 conjecturi
868 2561 990 2634 essent,
1012 2560 1039 2619 si
1059 2559 1157 2641 impe·

138 2667 205 2721 rato
225 2660 310 2739 regio
332 2659 541 2739 obtemperare
562 2657 786 2719 reluctarentur.
825 2658 1008 2739 Oppidorum
1038 2660 1157 2737 Comes,

137 2762 284 2823 Martinus
313 2759 416 2843 Hier,
446 2780 510 2837 eos¹
528 2761 647 2840 quidem
667 2760 709 2835 ad¹
725 2760 888 2839 parendum
909 2759 1003 2841 Regi,
1034 2764 1158 2844 obligari

139 2865 290 2944 reposuit,
319 2863 373 2929 sed
407 2882 475 2923 cum
494 2860 616 2922 dossum
635 2859 728 2922 hoece
750 2861 856 2922 divinis
876 2861 991 2943 legibus
1012 2875 1159 2946 repugnet

141 2972 174 3027 et
193 2967 308 3027 animae
328 2965 455 3026 salutem
476 2966 508 3025 in
529 2965 690 3029 discrimen
717 2970 819 3040 vocet,
859 2965 919 3024 imo
949 2966 1009 3046 ipsi
1042 2988 1159 3049 quoque

142 3064 349 3128 Constitutioui
376 3066 474 3146 Regni
503 3065 642 3126 Poloniae
671 3066 864 3126 adversetur:
903 3068 1073 3130 decrevisse
1103 3066 1156 3133 eos

141 3166 304 3248 profugere
323 3164 361 3230 ¹ad
381 3168 507 3249 Regem,
528 3169 625 3249 eique,
647 3188 790 3248 quaenam
804 3168 1007 3249 Templornm‚
1028 3172 1059 3231 in
1081 3171 1158 3235 Tre·

143 3270 242 3349 decim
263 3271 387 3349 oppidis
407 3272 484 3331 ratio
506 3277 596 3343 esset,
610 3272 744 3350 aperire.
780 3268 853 3331 Post
873 3272 988 3350 longam
1011 3273 1159 3355 discepta-

142 3373 255 3434 tionem
274 3370 387 3432 l'etheii
408 3374 439 3432 in
459 3373 695 3452 provocationem
712 3366 970 3453 (appellationem)
986 3375 1024 3434 ad
1041 3374 1159 3457 Regem

144 3474 315 3548 consensit,
337 3473 393 3533 aed
413 3474 479 3553 ipse
500 3486 618 3552 quoque
640 3473 803 3552 Casperum
825 3474 1003 3553 Andahduy,
1032 3476 1159 3539 Canoni-

145 3596 213 3637 eum
235 3580 268 3636 et
286 3574 446 3634 Lectorem
467 3573 594 3654 Capituli
616 3574 840 3653 Seepusiensis,
869 3577 906 3636 ad
935 3575 1048 3659 Regem
1070 3578 1158 3640 Polo·
1213 3610 1217 3617 ·

121 3676 213 3739 ¹niae
235 3676 397 3757 delegavit,
426 3677 475 3755 qui
502 3676 661 3737 Tredecim
682 3674 853 3757 Oppidanos
875 3676 1066 3759 Evangelicos
1088 3700 1159 3743 eon·

145 3780 291 3843 tumaciae
312 3785 345 3839 et
363 3777 580 3839 inobedientiae
601 3784 770 3855 accusaret,
799 3799 963 3859 novumque
984 3779 1158 3843 Mandatum

146 3882 186 3944 de
206 3881 338 3961 Templis
359 3879 635 3960 Archi-Episcopo
657 3880 796 3942 cedendis
823 3883 1005 3961 impetraret.
1047 3882 1156 3946 Nuuoii

147 3982 307 4077 'i'redecim
332 3981 498 4079 Oppidani,
530 3978 652 4069 Comes¹
663 3980 813 4075 diutinum
843 3983 990 4059 Piieaius,
1021 3983 1156 4048 Andreas
