2544 4694
607 363 670 423 18⁰

130 551 169 593 ιιι
189 532 346 593 conciones
367 529 538 590 lurruebmles
558 548 578 589 a
597 528 811 591 Sacerdotibus
832 528 1035 605 Catholicis,
1064 528 1096 590 lu
1111 547 1147 591 ιι

133 652 198 693 rum
226 631 380 711 Templis,
411 631 459 690 vel
484 650 502 689 ι
529 631 591 691 suis
612 629 784 691 Pastoribus
806 630 837 689 iu
858 629 1021 693 domubns
1043 631 1149 711 prinis

131 730 307 816 (oratoriis)
330 732 432 792 amlire
446 730 576 790 mallent.
606 730 721 790 Eodem
738 730 846 790 lidicto
864 730 1027 813 Princeps
1043 730 1148 793 Noua

132 842 195 901 tes,
217 833 372 893 amuletis
395 832 593 891 l’uroclrorum
614 830 834 892 Cutluolleorum
856 834 987 893 eremit.
1023 832 1148 895 celem

131 936 287 1013 quominus
317 935 475 1005 bonorum,
513 951 638 1011 quorum
667 931 846 992 oblationem
876 932 984 993 hocce
1015 932 1146 1015 Prluulp't

131 1034 270 1095 bldiotum
302 1034 487 1105 continebat,
521 1034 609 1113 plena
631 1052 721 1093 usura
740 1032 935 1095 Nostratlbus
959 1035 1145 1117 contingere,

132 1134 238 1195 Clerus
275 1134 433 1195 llomauo-
446 1134 616 1195 Catholieus
648 1152 755 1195 cavere
791 1135 886 1195 sciuit
945 1136 1024 1197 Duo
1057 1137 1146 1218 qulppt

132 1243 279 1297 momenta
307 1236 454 1297 loculatum
482 1236 621 1296 ltldietum
643 1235 912 1315 complectebatur,
943 1238 1068 1317 quibus
1088 1256 1144 1301 uu

131 1342 309 1397 unernoratus
342 1335 464 1408 clerus,
497 1336 528 1393 iu
549 1334 732 1394 Nostratium
752 1337 920 1415 pernitiem
942 1338 1043 1401 abuti
1063 1358 1145 1403 suern

131 1446 194 1498 rat:
215 1438 375 1498 declaratio
396 1436 511 1496 scilicet
532 1436 691 1515 principis,
724 1456 758 1497 sc
778 1455 834 1517 pro
854 1437 1047 1503 turbulento
1067 1457 1145 1504 rer·

131 1548 163 1599 et
184 1546 310 1599 statuum
332 1537 463 1615 bellique.
483 1542 636 1616 tempore,
658 1538 852 1618 blmngelicos
872 1538 1058 1605 'fredecim
1074 1541 1143 1626 Oppi

131 1640 243 1711 clauos,
271 1638 426 1698 benefieiis
456 1638 495 1696 ad
515 1636 692 1717 religionem
712 1640 910 1701 exercendam
929 1644 1143 1723 pertinendi!

131 1760 253 1812 ornare,
285 1739 394 1799 deiude
422 1737 532 1813 „nolle
562 1756 615 1813 se,
644 1743 680 1799 ut
698 1738 858 1819 Privileglo
877 1740 986 1805 luoeee
1010 1745 1143 1813 docui!

131 1847 181 1901 aut
201 1840 322 1900 duribus
351 1817 523 1899 Cltholicae
545 1837 702 1899 Ecclesiae
722 1840 872 1921 quidpiam
892 1845 1142 1929 praejudicem*

131 1941 293 2002 Posteriori
315 1940 445 2000 clnnsrda
466 1940 574 2011 nitens,
607 1942 842 2020 quotiescunque
861 1940 985 2023 aliquid
1007 1948 1141 2031 religiosi

130 2062 219 2104 causa
238 2042 441 2122 suscipiebant
454 2040 621 2115 Nostrates,
647 2042 864 2103 vociferabatur
880 2042 1012 2126 Clesus,
1036 2070 1077 2113 eo
1093 2066 1142 2113 m

129 2144 285 2205 Ecclesiae
303 2144 372 2224 jura
392 2143 505 2203 violari.
558 2142 646 2203 Prius
666 2162 756 2220 sero,
776 2144 836 2205 boc
855 2146 1053 2213 incommodi
1073 2152 1142 2215 lusis

130 2245 198 2320 bat,
220 2246 299 2325 quod
321 2245 427 2304 seriori
447 2245 634 2323 potissimum
652 2248 810 2324 tempore,
831 2264 866 2307 ae
886 2250 1079 2317 meministin

130 2348 176 2406 ria
196 2345 342 2407 'lberesia
363 2350 526 2424 rogitante,
557 2346 791 2425 quotiescunque
810 2347 997 2429 Nostrates,
1030 2356 1074 2417 sd

131 2453 211 2507 ctum
231 2447 327 2507 hoece
346 2449 552 2524 provocantes,
572 2446 631 2505 sibi
655 2465 807 2509 sacrorum
824 2450 875 2530 jus
899 2462 1091 2535 competere
1107 2455 1138 2520 ds

130 2552 264 2621 cuerunl,
285 2545 447 2607 adversarii
466 2550 652 2625 regenerent,
669 2546 721 2626 jus
743 2548 838 2609 hoece
856 2550 1048 2619 turbulento
1062 2574 1138 2622 res!

129 2654 208 2710 statn
226 2652 373 2709 extortum
393 2645 505 2722 inisse,
526 2665 585 2707 non
606 2667 677 2708 uero
697 2656 804 2729 sponte
825 2657 858 2712 et
876 2652 985 2717 libere
1009 2653 1138 2724 crollet·¹

213 2748 372 2809 Obteutam
392 2748 530 2808 Pastores
552 2750 583 2809 iu
605 2748 731 2830 0ppidis
753 2752 852 2813 alendi
870 2757 1013 2838 reniam,
1046 2759 1138 2826 Tnab

29 2905 32 2911 .
128 2851 188 2911 ιιι
216 2850 365 2931 oppono
392 2849 583 2931 evangelici,
614 2851 699 2913 mm
728 2860 812 2916 ιιι
842 2842 1060 2937 supereum.
1099 2858 1140 2927 ιι

129 2972 197 3013 cum
214 2950 314 3012 ciuilia
336 2970 439 3012 eorum
459 2950 532 3013 Jura
552 2958 584 3015 et
604 2950 804 3017 immunitates
825 2958 1083 3028 comederentur
1098 2965 1140 3027 rb

128 3053 334 3133 larentnrque,
365 3057 455 3131 abque
480 3071 590 3129 cuma,
628 3055 734 3134 qmbus
764 3055 900 3121 terendis
932 3080 1002 3127 non
1032 3066 1139 3150 ampbu

128 3173 217 3235 pares
238 3172 307 3214 sese
328 3160 504 3231 senserunt,
533 3156 774 3235 imponerentur,
803 3160 843 3221 ad
862 3160 991 3243 Regem
1013 3168 1140 3233 Palosis

128 3254 294 3336 Augustum
314 3253 349 3313 ll.
381 3253 523 3315 Jacobmn
543 3255 656 3330 Marci,
683 3258 846 3321 Martinam
865 3260 997 3327 liransz'
1015 3279 1053 3335 et
1072 3270 1140 3334 Josr

128 3373 198 3416 nem
215 3356 308 3434 Jonp,
339 3374 442 3416 mense
467 3355 605 3417 Januario
634 3358 718 3419 lill
737 3360 852 3441 legatos
872 3366 1014 3448 misere,
1051 3371 1139 3436 contr

38 3452 42 3459 '
128 3458 287 3518 mationem
308 3456 531 3536 Privilegiorum
560 3462 704 3523 oritorum
729 3464 885 3542 petituros.
939 3468 1082 3538 Nunclis
1107 3472 1140 3537 Η·

127 3558 208 3619 inter
233 3558 291 3618 alia
320 3556 475 3637 negotium
499 3561 689 3622 crediderumt
720 3564 905 3643 supplicandi
937 3590 1001 3651 pro
1036 3571 1141 3642 11ιώ

129 3658 307 3721 Sacerdotes
342 3660 515 3739 cooptandi,
557 3668 589 3721 et
619 3665 789 3727 muneribus
820 3668 1041 3747 praeficiendi.
1096 3671 1143 3741 Ed

129 3760 284 3840 quominus
315 3778 422 3839 proces
455 3780 574 3837 eorum,
605 3765 643 3824 ad
664 3766 769 3826 solium
789 3768 905 3848 regium
926 3767 1151 3863 pertingam,¹

129 3860 319 3922 Labomirslri
339 3877 377 3919 eo
396 3862 559 3942 impedivit,
581 3867 660 3942 quod
680 3865 839 3929 Tredeeim
862 3869 1067 3951 Oppidorum
1083 3897 1141 3946 u*

129 3964 208 4037 cios,
235 3963 285 4023 die
305 3960 336 4021 2.
357 3960 447 4023 neor.
473 3984 529 4044 per
557 3965 750 4047 capitaneum
779 3968 919 4051 Gomon,
942 3978 986 4041 ad
1017 3982 1140 4049 Rubra
