2544 4694
483 379 485 385 ’
542 374 743 470 Δ...

132 554 165 612 et
184 563 345 628 companas
372 560 429 628 pro
457 547 605 608 communi
624 566 682 609 usu
701 526 868 637 destinatae
888 545 978 609 etiam
998 546 1159 629 Augusta-

130 670 189 713 nae
216 652 248 711 et
274 647 363 710 llelv.
392 645 581 712 confessioni
607 649 744 711 Addictls
772 650 983 712 conceduntur.
1034 650 1158 733 Super-

129 751 320 814 intendcutcs
338 751 485 842 'leguntor
515 752 558 813 ita
577 758 695 829 nmen,
725 758 759 813 ut
779 754 895 814 muneri
914 752 987 815 huic
1006 772 1069 815 non
1091 754 1160 830 alii,

131 874 222 936 quam
241 853 357 935 patriae
376 852 432 915 lilii
451 853 680 934 praeficiantur,
701 873 825 935 quorum
845 856 974 935 partium
995 856 1065 932 erit,
1088 874 1161 917 mo-

131 957 216 1019 ribus
236 930 328 1019 VR).
343 952 550 1015 Mirdstrorum
569 953 740 1035 invigilare,
766 961 798 1016 ct
818 956 850 1017 in
871 974 941 1033 eost
969 956 1021 1036 qui
1047 955 1162 1019 officio

132 1056 258 1134 desunt,
278 1057 523 1119 animadverteres
572 1055 607 1119 lu
627 1058 724 1119 causis
744 1056 879 1138 profanis
899 1055 937 1121 V.
958 1057 995 1119 u.
1017 1057 1163 1123 Ministfl

131 1157 336 1221 luriadlctioni
374 1157 456 1219 civili
484 1162 626 1240 parente,
667 1156 826 1239 Episcopis
858 1164 959 1221 umen
990 1160 1029 1223 dc
1060 1159 1163 1222 modo

59 1338 63 1355 Ι
133 1260 281 1341 baptisma
301 1258 525 1322 sunuusmnui
545 1261 689 1323 rationem
709 1259 839 1322 reddero
859 1267 1006 1324 tenentur.
1027 1259 1163 1325 canna

50 1396 53 1403 ·
132 1361 380 1444 Evangelicorum
391 1362 840 1441 matdmonisles„iundamento
856 1364 1165 1445 positivorum‘regmi

53 1478 56 1485 ·
133 1465 244 1546 legum,
261 1464 384 1544 judiciis
405 1463 656 1527 Dioeccssuorum
665 1462 883 1544 Episcoporum
903 1464 1164 1549 substerucndsa,

133 1566 297 1628 secundum
324 1565 469 1646 principia
496 1565 686 1646 Augustanos
714 1571 746 1627 et
765 1564 941 1628 Helveticae
962 1552 1165 1629 Gdnfcssioni

133 1666 329 1729 Addictorum
358 1666 569 1747 dijudicantur,
610 1666 739 1728 admissa
764 1666 804 1741 ad
824 1667 953 1727 Archi-
966 1666 1166 1748 Episcopum

133 1769 343 1850 appellatione.
384 1768 597 1848 Apostatarum
615 1798 660 1815 ·-
679 1787 738 1849 quo
757 1768 824 1830 loco
844 1769 867 1830 ii
886 1769 1079 1849 potissimmn
1100 1768 1167 1837 ha-

134 1872 262 1948 bcntm,
282 1872 333 1952 qai
353 1871 501 1952 principio
512 1869 678 1932 'formulam
698 1871 889 1951 Augustanos
909 1877 941 1933 et
960 1871 1049 1933 Helu.
1073 1869 1166 1935 (lom-

134 1973 275 2036 fcssionis
296 1974 474 2053 probantes,
501 1978 658 2052 postquam
677 1973 748 2033 ritui
767 1971 902 2035 Romano
921 1992 1029 2037 numen
1050 1972 1168 2037 dedis-

135 2081 219 2153 sent,
249 2076 357 2137 iterum
378 2074 417 2135 ad
437 2075 562 2155 pristina
592 2094 678 2136 sacra
702 2075 856 2137 redieruut
885 2105 929 2123 -·
960 2094 1051 2136 causa
1073 2095 1168 2140 mm-
1238 2088 1239 2113 ¹

134 2178 245 2253 morie,
276 2176 310 2238 id
339 2182 387 2239 est
416 2195 475 2257 quo
502 2176 631 2238 oderim
657 2181 818 2253 tractator,
851 2178 982 2240 oriminis
1015 2179 1168 2241 confictis

24 2258 33 2269 ’
89 2338 91 2343 ,
136 2279 284 2342 sententia
304 2277 419 2354 fertur,
440 2284 509 2339 aute
530 2279 751 2340 exsecutionem
771 2279 900 2340 Excelso
930 2278 1064 2339 Consilio
1093 2278 1169 2343 Re-

135 2382 187 2464 gio
212 2379 414 2463 proponenda.
463 2378 618 2440 Sententia
644 2379 703 2442 lstc
729 2380 812 2441 tenui
831 2378 897 2441 loco
917 2381 993 2454 nati,
1023 2372 1170 2445 carceri·
1235 2328 1239 2473 l

136 2484 193 2546 lsrrs
213 2481 339 2557 inclusi,
358 2499 414 2561 per
434 2478 603 2541 Porcellum
621 2478 680 2541 loci
700 2486 751 2541 aut
770 2479 844 2542 alios
862 2481 1087 2544 ecclesiasticos
1110 2485 1170 2549 ver

136 2584 294 2665 religiosos
314 2583 394 2643 viros
417 2577 560 2665 (exclusis
580 2582 617 2642 alr
639 2600 743 2644 eorum
771 2585 935 2659 consortio,
956 2589 1007 2645 ant
1027 2602 1194 2673 accessus¹

136 2679 396 2767 inenuntium)
423 2682 576 2763 religionis
607 2681 941 2747 nomo-canonae
966 2668 1172 2766 nomana.

137 2787 320 2849 imbuuntur.
350 2780 469 2847 Poenae
488 2784 539 2846 lric
560 2770 626 2846 esto
647 2785 776 2862 modus,¹
791 2793 825 2848 ut
841 2787 995 2864 homines,
1016 2789 1071 2867 qui
1086 2798 1172 2856 ante

136 2888 216 2951 hanc
236 2886 460 2951 Resolutionem
480 2905 498 2946 a
524 2887 618 2949 sacris
638 2885 780 2950 Romanis
805 2889 1004 2965 desciverunt,
1024 2895 1172 2956 carceri-

138 2991 196 3052 bus
216 2991 304 3053 arrius
324 2988 394 3049 anni
414 2986 569 3048 intervallo
590 2988 787 3064 detineantur,
804 2997 893 3070 atque
914 2993 1017 3070 quavis
1037 2993 1170 3058 hebdo-

48 3160 51 3169 ,
138 3091 228 3155 mode
258 3089 373 3152 duabus
404 3088 510 3150 dicbus
542 3087 721 3170 sclopano
755 3095 788 3152 et
813 3112 890 3171 aquo
917 3093 1067 3154 alantur..
1096 3084 1171 3176 Qui

138 3194 177 3257 ad
197 3194 316 3274 frugem
336 3190 516 3266 rediveriut,
536 3198 691 3273 postquam
711 3211 838 3273 poenam
850 3195 1037 3270 subivissent,
1058 3196 1170 3273 libere

140 3297 335 3358 dimittuutor.
375 3294 434 3371 Qui
454 3304 525 3357 vero
545 3301 614 3375 post
633 3295 710 3376 lianc
731 3294 953 3359 Resolutiouem
974 3297 1167 3381 confectam,

139 3398 318 3479 Apostasiac
339 3395 480 3458 delictum
501 3397 719 3473 commiserint,
738 3416 838 3478 neque
857 3399 888 3460 iu
909 3401 1073 3463 custodiam
1093 3409 1167 3468 tra-

139 3500 197 3563 diti
216 3499 417 3580 resipuerint,
437 3498 501 3574 his,
523 3499 551 3560 si
570 3498 692 3563 nobiles.
711 3499 824 3561 fuerint
850 3501 976 3578 mulcta,
1005 3498 1167 3569 facultati·

141 3600 199 3665 bus
220 3605 419 3663 consentanea
439 3599 563 3674 dicitur,
591 3600 639 3661 sin
659 3600 806 3680 ignobiles
827 3602 867 3663 ad
884 3602 1019 3684 publicos
1035 3603 1165 3671 labores

141 3702 278 3786 pluribus
299 3702 382 3763 aunis
403 3701 613 3783 perficiendos,
632 3701 682 3763 vel
702 3702 838 3764 exsilium
854 3705 944 3765 etiam
956 3698 1166 3777 condemnan-

141 3812 201 3869 sor.
250 3802 416 3866 Aostlrolici
447 3803 485 3865 ad
514 3801 702 3882 Apostssiam
733 3803 929 3880 seducentes,
966 3809 1164 3888 casugsntor.

143 3905 205 3986 Qui
222 3906 352 3969 noudum
372 3904 683 3984 legitimamactatem
703 3902 819 3986 adepti,
846 3926 930 3969 sacra
948 3906 1164 3979 Romano-cs-

135 3996 257 4075 -tlrollca
277 4008 482 4094 deseruerint,
510 4005 734 4087 comprehensi,
761 4009 801 4071 sd
821 4009 923 4074 locum.
939 4011 1094 4089 idoneum,
1127 4025 1171 4087 ut
