2544 4694
108 590 268 654 nituisset
288 608 356 651 mox
376 594 476 651 tmncn
496 588 534 651 iis
554 586 990 668 auctoritctcm'erigendornm
1001 585 1075 649 ora·

108 694 204 763 iorum
224 692 419 774 publicorum,
440 691 731 772 cooptandorumque
750 688 906 751 Pastorum
925 689 1076 764 tribuisse,

111 794 198 875 cujus
215 794 294 875 Juris
314 813 371 854 usu
391 794 509 853 nonnisi
529 794 568 854 cb
584 812 622 853 eo
637 798 773 871 tempore
788 790 901 852 turbari
914 792 1076 871 coeperint,
1147 788 1150 795 ⁴

108 896 293 976 >Iosephus
315 894 439 981 (lorolns
461 895 575 955 Zbisko
596 893 773 954 consistorii
794 892 1001 973 Sccpusieusis
1022 892 1077 955 lm·

108 1016 155 1061 ras
185 996 351 1076 capessivit.
396 994 602 1055 Contendebat
622 993 734 1067 adhoc,
766 994 898 1071 eundem¹
923 993 1078 1055 Zbiskium

108 1096 305 1177 Euongelicos
314 1102 397 1157 extra
412 1095 573 1157 Tredecim
583 1093 765 1175 oppidorum
776 1095 930 1177 gremirun,
944 1095 975 1155 in
988 1093 1078 1158 Dios·

108 1198 125 1259 d
156 1200 241 1279 ejus,
271 1197 443 1277 Hungrriac
469 1196 577 1272 rubes,
609 1196 719 1276 oppido
744 1197 884 1275 vicosque
903 1196 1075 1277 incolcan

108 1316 126 1362 n
146 1298 252 1361 ecdem
271 1301 387 1360 ratione
407 1298 518 1359 furere.
568 1298 685 1359 Monuit
704 1303 860 1377 praeterea
879 1299 999 1377 probsri
1018 1318 1077 1365 non

108 1418 178 1477 nse,
199 1419 234 1463 se
253 1402 286 1461 in
301 1400 518 1462 cntbolicorum
533 1401 756 1479 oppressionem
772 1401 939 1475 connivere,
960 1420 1077 1461 eorum·

108 1502 257 1565 amium
278 1502 430 1583 adjuvere,
452 1521 518 1561 cum
538 1519 598 1561 non
619 1500 713 1561 solum
734 1506 827 1561 totam
840 1520 923 1565 suern
936 1500 1077 1563 familiam

110 1602 261 1683 religione
283 1601 438 1663 catholico
459 1601 579 1663 educari
595 1602 738 1682 jusserit,
769 1601 823 1663 sed
851 1608 882 1662 et
908 1602 946 1662 sd
966 1603 1076 1663 instau-

108 1704 185 1766 ‚dum
217 1702 376 1791 Templum
408 1702 582 1765 Veroliense
612 1702 797 1763 Catlrolicum
822 1704 886 1763 lili)
903 1703 1075 1783 imperiales
1179 1734 1182 1743 ·

108 1806 199 1880 serit,
229 1811 261 1865 et
290 1804 328 1864 ad
356 1823 463 1865 recens
484 1803 695 1869 aedificandum
714 1802 848 1863 Podolini
867 1805 971 1869 turrim
993 1803 1076 1865 15⁰0

108 1905 233 1969 sedales
264 1904 431 1965 contulerit
486 1904 676 1964 Assevercuit
705 1904 846 1983 insuper,
882 1904 920 1967 cd
953 1924 1075 1969 munera

108 2008 179 2069 elice
199 2006 337 2067 obeunda
356 2005 438 2064 nulla
457 2004 610 2085 religionis
631 2004 746 2065 ratione
760 2006 862 2066 habite
876 2007 968 2087 deligi
984 2009 1074 2083 viros,

140 2126 249 2168 nomen
275 2107 364 2187 probi
386 2111 418 2165 et
434 2106 510 2185 justi
530 2112 700 2185 merentur,
720 2108 836 2185 petrice
852 2108 965 2189 jurium
986 2116 1075 2188 etque

108 2228 163 2271 um
183 2209 274 2289 periti
294 2215 381 2283 sunt,
414 2208 604 2288 omniumque
634 2227 765 2268 amorem
795 2210 853 2270 sibi
873 2210 1074 2272 conciliarunt.

108 2328 183 2373 sum
204 2328 272 2371 use
292 2311 410 2390 ajebat,
430 2328 535 2371 omnes
558 2308 727 2371 cuholioos
748 2310 972 2390 adignitatibus
986 2318 1075 2391 atquc

108 2411 225 2475 arlccin
253 2410 438 2491 oppidorum
465 2410 690 2491 Magistratibus
723 2430 791 2471 esse
821 2421 970 2489 remotos,
1008 2433 1075 2475 cum

108 2512 222 2589 tuliae,
254 2512 364 2574 olassii
393 2520 426 2575 et
445 2512 568 2573 bibione
587 2512 707 2573 ludices
729 2533 814 2573 socru
833 2513 965 2575 Romana
984 2515 1076 2597 proil-

108 2620 191 2677 ntur.
236 2611 411 2676 observavit
431 2614 543 2674 cultum
563 2612 691 2693 divinum
711 2612 923 2677 Dissidentium
946 2636 1005 2677 non
1021 2636 1075 2698 pu-

108 2736 142 2779 ae
154 2716 213 2797 egl
234 2714 291 2777 scd
311 2714 400 2776 modo
420 2714 575 2794 iormeque
596 2722 666 2776 ante
686 2715 827 2789 solemni3
847 2718 1001 2796 prohiberi
1015 2736 1074 2779 son
1206 2707 1213 2723 '

108 2836 153 2879 ne
180 2836 221 2877 ne
252 2816 424 2897 peregrini,
455 2818 506 2895 qui
538 2816 709 2875 commercii
737 2834 828 2877 cnuaa
854 2818 894 2877 cd
915 2817 1075 2880 Trcdecim

108 2916 182 2995 pide
201 2918 338 2991 veniunt,
361 2916 457 2979 sacris
476 2914 664 2995 Evangelicis
685 2900 832 2979 intersint.
865 2917 1001 2979 Oratoria
1015 2918 1075 2981 Ve-

108 3016 131 3075 li
150 3022 183 3079 et
202 3017 422 3079 liuraudivilloe
442 3037 550 3077 recens
572 3024 740 3094 exstructa,
769 3018 806 3079 sb
837 3019 903 3079 aliis
932 3020 1076 3083 aediliciis

108 3117 268 3193 rdiil'ere,
289 3138 357 3179 cum
377 3120 438 3179 sint
459 3117 576 3198 lignea5
597 3117 797 3195 fenestrsrm'n
816 3126 916 3185 sutem
936 3140 1022 3181 usum
1036 3141 1077 3183 no

108 3214 187 3281 lacis
207 3220 328 3299 quidem
347 3221 451 3299 negari
471 3222 593 3283 notavit.
632 3220 877 3293 Commemoravit
896 3222 1028 3302 insuper,
1047 3224 1077 3284 si

108 3322 193 3383 nolae
222 3322 371 3402 prioribus
401 3323 587 3402 temporibus
615 3323 646 3382 in
675 3322 834 3389 Tredeuim
862 3322 986 3403 Oppidis
1007 3344 1076 3387 esse
1209 3406 1214 3415 ¹

108 3424 234 3497 norint,
264 3428 348 3485 tento
376 3425 474 3485 minus
506 3425 613 3485 adesse
644 3425 788 3485 rationem
818 3444 872 3485 cur
892 3426 1076 3507 oppidorum

108 3524 178 3589 nlcc
200 3544 302 3585 cerum
320 3524 391 3604 jure
411 3545 489 3586 nunc
511 3532 670 3599 eruantur,
691 3528 771 3605 quod
790 3527 859 3605 ipsa·
876 3526 991 3607 Regina
1011 3528 1076 3593 Mn·

122 3625 279 3707 Joseplm,
300 3624 468 3708 liescriptis
489 3627 518 3688 d.
539 3628 570 3687 4.
591 3626 766 3689 Decembris
787 3626 871 3691 1753
885 3628 1075 3709 et22.8cpt.

108 3721 146 3787 id
167 3728 411 3791 Administretori
432 3727 639 3789 Mosrcrenslri
664 3730 868 3810 praeceperit,
895 3736 929 3790 ut
958 3730 1076 3793 Subolls

108 3828 303 3891 utbonoorum
331 3826 509 3907 indulgeret.
542 3828 696 3907 =nenque
725 3829 898 3893 columniam
919 3846 988 3893 esse
1008 3849 1078 3910 pro-

108 3940 165 3991 ma
187 3935 249 4003 cst,
270 3929 350 4009 quod
369 3930 560 4011 impedivisse
581 3930 711 4006 dicatur,
740 3948 780 3991 nc
800 3928 961 3995 Tredeoim
982 3931 1076 4011 Oppi·

108 4038 172 4091 nm
192 4029 307 4091 incolae
334 4031 366 4091 in
387 4031 484 4092 musis
505 4028 544 4089 ad
563 4028 711 4095 iudicium
731 4030 882 4109 spirituale
901 4032 1077 4112 pertinenti·

803 4128 877 4191 14*
