2544 4694
104 1289 107 1293 ’
353 1320 890 1436 pannonum.

528 1666 747 1685 ..um-q..

126 1896 183 2011 Si
204 1957 262 2019 qno
282 1941 431 2016 tempore,
463 1933 568 1995 notitie
596 1936 717 1995 cnsdnm
737 1939 769 1995 et
788 1934 1038 2011 vicissitudinum,
1060 1955 1133 2016 qnos

124 2057 262 2119 Ecclesia
292 2052 486 2133 Euangeliou,
515 2051 705 2130 Augustanus
738 2051 924 2130 potissimum
945 2051 1134 2116 confessioni

125 2174 268 2247 Annicia,
289 2173 320 2231 in
340 2146 493 2249 Hungaria
512 2171 636 2246 experta
657 2170 720 2241 est,
740 2168 855 2246 patriae
875 2169 1001 2245 civibus,
1021 2169 1134 2232 formu-

126 2288 185 2348 lam
216 2308 235 2348 a
265 2287 399 2347 Luthero
419 2285 608 2345 constitutam
627 2283 838 2365 probantibus,
869 2305 929 2348 non
961 2287 1134 2368 exoptabilis

127 2405 239 2482 solnm,
269 2405 324 2466 sed
355 2404 523 2465 necessaria
550 2402 625 2463 adeo
651 2403 745 2463 videri
764 2405 879 2486 potuit:
911 2406 943 2466 id
964 2412 1046 2467 certe
1063 2406 1135 2488 jure

126 2524 291 2603 meritoque
304 2523 343 2582 de
361 2525 462 2581 nostra
482 2524 579 2581 aetate
594 2518 704 2596 valere,
722 2520 859 2582 lubenter
875 2521 1024 2603 largietur,
1046 2543 1135 2604 quem

126 2661 185 2703 non
205 2640 296 2722 ing'it,
324 2659 383 2721 qno
410 2638 476 2703 loco
502 2658 580 2698 nnnc
600 2658 649 2700 res
670 2639 912 2720 Evangelicornm
934 2641 964 2701 in
985 2642 1136 2724 ilungaris

125 2761 240 2842 positae
254 2763 333 2819 sunt.
354 2756 534 2837 indigentiae
551 2756 621 2817 hnic
641 2763 674 2818 nt
691 2758 887 2849 subuenirem,
902 2759 1032 2840 pagellas
1044 2759 1136 2822 hasce

127 2877 300 2958 conscripsi.
1071 2856 1074 2861 ⁵

211 2994 375 3055 Historiam
396 2991 549 3052 Ecclesiae
562 2990 758 3072 Evangelicae
777 2994 808 3054 in
822 2993 974 3074 Hungaria
991 2994 1136 3072 universe,

127 3114 257 3175 breviter
276 3112 395 3192 quidem
416 3110 557 3193 exposui:
578 3111 628 3170 vix
646 3116 745 3171 tomen
764 3117 837 3190 puto
858 3113 994 3173 omisisse
1015 3131 1064 3174 me
1085 3113 1139 3175 ali·

129 3232 216 3312 qnid,
245 3230 324 3312 qood
351 3230 428 3290 scitu
459 3227 659 3290 necessarium
689 3229 845 3309 gravisque
875 3236 957 3290 esset
987 3231 1138 3292 momenti.

130 3347 287 3429 Gopiosins
316 3347 455 3410 versabar
483 3348 514 3407 in
544 3346 704 3408 scribenda
723 3346 848 3407 historia
871 3347 1042 3409 Senioratns
1063 3346 1140 3437 'life

129 3467 228 3528 decim
250 3464 404 3548 Oppidani.
435 3450 491 3527 ¹'lta
510 3448 549 3526 nt¹
564 3446 701 3546 agerem,
721 3470 804 3526 tanto
824 3465 918 3545 magis
940 3464 1140 3529 necessarium

126 3582 268 3666 judicavi,
282 3601 340 3662 qno
365 3582 461 3643 minus
483 3581 574 3642 dnbio
595 3586 686 3657 caret,
706 3579 769 3642 ints
788 3581 1001 3659 Ecclesinmm,
1021 3591 1142 3647 exstan-

130 3704 205 3766 tium
224 3703 257 3762 in
276 3697 435 3761 Tredecim
457 3699 600 3780 oppidis,
629 3705 699 3760 ante
718 3699 859 3761 Polonico
882 3700 1069 3781 Magistratoi
1088 3700 1141 3762 Ju-

130 3805 353 3897 risdictioniqne
375 3816 528 3892 obnoxiis,
548 3815 636 3896 longe
656 3836 675 3878 o
694 3815 814 3878 fortuna
835 3816 968 3893 differre,
989 3837 1075 3899 qoam
1092 3839 1142 3880 re·

132 3936 204 4015 liqui
224 3933 395 4015 Evangelici
414 3932 445 3995 iu
465 3931 571 4013 Regno
591 3930 760 4014 Hungariae
781 3934 896 4017 experti
912 3934 1007 3997 inere.
1034 3935 1142 4012 Quam·

917 4032 934 4073 a
