2542 4702
575 298 577 306 ι
666 288 671 305 b
849 308 852 317 Δ

604 342 667 405 166
743 364 746 375 ·

533 429 593 441 *mn
598 433 734 445 wau-u·-

123 515 167 578 iri
182 513 403 596 pronunciavit,
423 513 452 576 si
472 531 545 575 euru
561 512 688 593 primum
708 512 861 596 depromi
880 513 1010 592 inerim,
1029 514 1160 579 delnie'

123 618 186 680 12⁰
206 614 354 679 'l'baleros
384 615 612 677 numeraverint.
672 615 806 696 ligarunt
837 618 957 697 quidem
984 617 1141 679 hetorum

122 739 241 781 oausam
273 718 371 801 denuo
397 718 454 778 viri
474 716 582 792 iidem,
610 717 660 798 qni
687 717 873 799 Eperiessini
892 738 948 799 pro
968 721 1006 781 iis
1027 719 1139 801 depre-

123 821 280 896 cabantur,
300 819 356 889 sed
376 824 483 880 aonatu
502 818 600 880 irrito.
648 816 840 899 Praepositae
868 821 947 881 enim
968 840 987 881 a
1006 821 1140 900 postula·

123 923 163 994 tis
184 922 247 983 suis
265 904 348 982 nulla
368 921 484 983 ratione
503 919 651 983 suadere
668 920 795 983 volebat.
845 920 933 983 Missi
961 929 1048 984 aaut
1075 928 1141 984 tan-

32 1012 36 1023 ’
113 1025 191 1085 'dem
210 1021 370 1085 Senatores
383 1021 573 1085 Vlralienses
587 1022 627 1084 ad
641 1020 854 1103 Praepositum,
872 1023 979 1103 quibus
990 1023 1069 1086 illius
1089 1042 1141 1086 eor

124 1123 279 1199 emollire,
310 1142 437 1204 cumque
465 1121 591 1184 redditis
621 1121 735 1184 illidio
755 1123 807 1184 22.
827 1122 930 1186 Martii
951 1123 1035 1186 1663
1056 1124 1141 1205 quin·

123 1225 264 1309 quaginta
284 1225 392 1301 aureis,
412 1222 534 1306 plaeere
553 1223 707 1286 suooessit
749 1223 874 1321 Fraeter
901 1231 1015 1288 sumtus
1036 1226 1142 1302 bosca,

48 1334 51 1343 ’
122 1326 248 1408 legatis,
278 1325 329 1407 qul
347 1323 504 1387 Pastorum
535 1343 654 1387 eausam
683 1325 830 1406 agebant,
862 1324 968 1395 deuant
1005 1325 1141 1403 Thaleti,

125 1426 285 1490 comitatui
304 1446 376 1489 vero
397 1424 591 1507 Soepusiensi
609 1433 730 1489 eentum
748 1446 868 1504 avenae,
889 1429 1142 1510 uisitatidenique

123 1528 370 1591 Leutsohoviensi
391 1528 602 1609 quinquaginta
621 1527 729 1591 hordei
746 1528 855 1606 anui,
877 1529 955 1591 dono
969 1535 1057 1593 erant
1070 1528 1141 1595 dati.

121 1630 247 1707 Summa
265 1629 342 1692 haee
361 1630 471 1709 partim
491 1647 530 1691 ex
551 1628 756 1693 collatiorubus
786 1629 943 1708 Fratrum,
973 1631 1085 1711 partim
1105 1648 1142 1695 ex

126 1733 203 1796 elata
224 1730 431 1793 Fraternitatis
452 1729 510 1793 fuit
530 1737 691 1795 numeram.
725 1731 774 1793 Ar
795 1732 893 1793 damni
913 1733 1004 1815 hujus
1024 1739 1144 1815 partem

126 1832 362 1908 resarciendam,
392 1832 547 1896 Fratribus
578 1831 726 1895 nonnullis
756 1820 952 1910 insiantibus,
978 1833 1149 1910 Pilemunn·

124 1936 201 1999 aare
220 1934 291 1997 man
310 1939 431 2011 aanor,
460 1918 537 1996 ama
565 1935 649 1997 roan
670 1936 700 1996 a
720 1935 772 1997 ιι.
793 1934 890 2011 aaa,
916 1936 948 1997 a
970 1934 1144 2019 congrega

126 2038 207 2101 tione
228 2034 498 2117 compositivillana
518 2044 713 2099 aureosoeto
733 2036 867 2099 tribuere
887 2037 1025 2101 debebat.

210 2137 321 2200 Sedato
350 2143 528 2218 tempestate
553 2137 628 2215 bae,
657 2139 765 2199 iterum
792 2138 902 2218 aliquot
923 2138 1145 2204 annorumule-

125 2261 232 2318 eumn,
262 2260 338 2321 pace
358 2241 406 2302 usi
426 2247 496 2302 sunt
515 2239 674 2303 'l'redecim
696 2237 844 2321 Oppidani
863 2230 1046 2320 Frangeiici,
1075 2241 1146 2322 quia

128 2344 160 2405 ln
183 2343 352 2424 Capitaneis
373 2343 452 2416 suis,
475 2341 620 2404 Stanislao
640 2343 811 2403 Lubomirio
827 2337 891 2426 (die
910 2340 1039 2403 ltlun.
1059 2342 1146 2405 loto

125 2432 216 2507 rebus
247 2443 385 2504 humanis
407 2437 540 2524 erepto),
571 2450 602 2505 et
623 2442 754 2523 Georgio
775 2442 950 2505 Sebastiano
970 2440 1146 2506 Lubomirio

124 2541 366 2629 (lousa-moa
386 2543 433 2605 vel
455 2540 554 2628 1661)
581 2543 679 2607 fulera
707 2563 765 2606 non
796 2545 913 2607 ἰιιίίιιιιιι
939 2543 1092 2608 habebant
1112 2550 1145 2607 at

126 2645 285 2728 praesidia.
361 2714 365 2725 Ι

211 2746 280 2828 ipse
300 2747 390 2809 etiam
412 2745 576 2810 Stanisiaus
596 2746 752 2810 Heraclius
778 2746 977 2824 Lubomirslri,
1010 2748 1063 2829 qui
1084 2747 1145 2813 Gn·

127 2849 242 2931 pitanei
272 2847 433 2911 'lbedenim
464 2847 612 2929 Oppidani
639 2849 820 2929 provinciam
847 2869 924 2910 anno
953 2849 1147 2929 1661ιῶ11,

126 2952 212 3012 initio
241 2946 401 3012 Tredeaim
431 2948 600 3035 Oppidanis
622 2950 794 3012 Pastoribns
831 2951 958 3013 favebat.
1020 2951 1145 3016 Etenim

126 3051 285 3131 Privilegio
311 3051 361 3112 die
387 3050 440 3112 26.
462 3051 529 3112 Oet.
552 3070 599 3112 an.
631 3051 716 3113 1668
741 3071 898 3128 concesso,
919 3051 973 3114 Jus
995 3052 1147 3117 coetuum

126 3173 281 3216 sacrorum
311 3152 471 3216 Tredeoim
503 3152 742 3234 Oppidanorum,
774 3152 913 3216 Pastores
942 3161 973 3216 et
994 3154 1146 3219 Diaconos

59 3321 61 3328 Α
129 3256 225 3317 iibere
256 3255 386 3336 eligendi
414 3261 447 3316 et
473 3256 597 3317 aaaron
617 3256 824 3331 confirmabat,
853 3256 962 3318 deinde
982 3259 1147 3336 statuebat,

128 3363 161 3419 ut
182 3358 233 3438 qui
253 3376 288 3419 sa
308 3375 327 3418 a
346 3357 470 3419 Pastore
482 3357 588 3420 ⁴laesos
608 3360 816 3439 opinarentur,
846 3377 905 3419 non
925 3360 1008 3439 prins
1029 3360 1070 3422 ad
1088 3360 1146 3425 Ju-

129 3457 239 3541 riiaium
263 3477 388 3519 arcense
407 3457 615 3538 profugerent,
640 3479 726 3540 quam
746 3478 830 3520 reum
851 3479 951 3521 eoram
971 3459 1145 3540 Fratribus,

129 3561 161 3620 in
183 3557 418 3639 Congregatione
437 3560 661 3639 praesentibus,
689 3559 880 3635 detulissent3
908 3559 1048 3623 Pastores
1069 3582 1147 3627 vero

129 3661 211 3743 ipsos
232 3663 271 3722 ab
292 3661 484 3742 obligatione,
504 3682 560 3742 per
581 3663 704 3723 abusum
725 3663 855 3738 iuream,
884 3662 1035 3725 auditores
1069 3658 1144 3729 snos¹

130 3762 245 3824 crebris
274 3764 413 3824 eonvist
435 3764 601 3844 excipiendi
622 3763 771 3838 solvebat,
798 3770 829 3825 et
849 3764 960 3825 eivrbus
980 3765 1148 3832 interdicu-

131 3862 200 3939 bat,
219 3882 258 3924 ae
279 3864 394 3927 decima
414 3883 474 3926 non
493 3864 627 3939 reddito,
653 3865 757 3945 fruges
777 3865 808 3924 in
827 3864 936 3926 horrea
956 3868 1019 3927 sua'
1031 3885 1147 3932 eonve-

131 3963 246 4028 berent
299 3962 354 4029 lus
384 3963 559 4031 Patronatus
593 3963 749 4046 Privllegio
764 3963 871 4029 ‘boare
900 3963 1080 4043 stabilitum,
1118 3971 1149 4033 si
