2542 4702
599 359 670 438 ‘aas

83 490 88 496 .
540 445 739 489 “⁴⁸⁵“ss

131 479 228 588 restio
245 527 358 620 Christi
376 536 431 603 ιιι,
452 529 483 589 id
496 537 553 603 est,
575 536 622 590 est
636 524 781 596 assentire
802 536 834 592 et
853 536 935 591 certa
956 530 1064 591 fiducia
1085 537 1144 595 so

130 633 227 703 tuere,
235 628 338 689 Christ
325 614 387 688 tum
397 634 521 708 propter
526 629 670 708 Justrtram
679 635 808 692 nostram
814 650 1025 696 resurremse
1041 632 1143 695 Ambr.

128 720 150 788 2
168 730 207 789 ad
226 729 303 790 Tim.
324 729 396 810 Cap.
414 729 444 790 2.
464 730 698 793 Fundamentum
716 732 773 792 llei
790 733 867 804 fides
884 739 940 808 est,
958 752 1034 813 quae
1051 735 1144 797 conti-

130 836 192 904 net.
213 849 288 909 quae
307 832 444 910 promisit
460 829 552 908 Deus,
577 832 758 912 signaculum
772 835 976 915 promissionis
993 833 1051 896 Dei
1065 828 1157 900 fides
1250 864 1255 879 .

128 935 232 993 nostra
250 937 315 1008 ιιι,
336 952 412 1012 quae
424 932 553 995 affirmat
568 933 626 994 Dei
641 935 751 996 verba·
776 936 878 997 Ambr.
899 936 966 998 libr
987 937 1019 999 8.
1033 920 1142 1000 dealt

128 1032 262 1112 ginibus:
283 1031 481 1095 Othesaurus
503 1037 638 1096 omuibus
655 1035 821 1116 opulentior
836 1037 956 1113 iides‚o
975 1039 1141 1116 virtutibus,
1204 1030 1209 1047 ‘

129 1134 264 1214 eorporis
286 1136 420 1197 omnibus
441 1136 518 1197 tides
539 1136 653 1199 fortior.
792 1140 793 1145 ’
1084 1183 1085 1186 ,
1173 1176 1175 1183 ι

416 1387 479 1453 vn.
530 1353 579 1452 oe
600 1391 684 1453 tone
703 1370 852 1474 ζοριιιιιι.

212 1539 276 1601 Νιι
296 1547 395 1603 tamen
411 1544 468 1615 ,ita
489 1524 628 1607 docemus
650 1544 775 1623 Fidem,
808 1551 841 1608 ut
859 1545 980 1626 plurimi
1000 1545 1139 1625 blaspbe-

125 1648 208 1703 mant
228 1661 302 1716 nos,
335 1643 413 1722 quod
433 1663 525 1724 opera
544 1646 622 1715 bona
643 1647 783 1707 non-sint
803 1645 957 1722 iacienda,
987 1646 1042 1707 sed
1062 1645 1139 1708 fate-

126 1762 212 1816 mur,
234 1747 266 1825 et
285 1762 425 1822 urgemus
446 1744 584 1805 fidelibus
606 1765 680 1826 opus
702 1729 771 1808 esse
791 1746 872 1807 bons
890 1746 1081 1823 couscientia,
1108 1753 1140 1809 et

124 1845 163 1905 ab
186 1844 259 1923 ipsis
280 1850 371 1922 opera
392 1843 529 1906 divinitus
550 1832 687 1906 maddata
708 1847 877 1908 necessario
900 1848 1020 1927 requiri.
1063 1847 1149 1931 Nem

123 1946 158 2005 in
179 1946 233 2019 iis,
254 1945 305 2024 qui
326 1951 429 2005 eontra
450 1945 622 2007 Mandatum
652 1946 709 2007 oei
730 1947 775 2008 'de
803 1946 947 2009 industria
976 1947 1138 2029 indulgent,

124 2065 190 2113 nee
203 2053 371 2126 repugnant
391 2047 452 2108 suis
484 2047 694 2127 cupiditatibus
722 2048 800 2109 bona
830 2048 1012 2111 conscientia
1040 2050 1140 2111 locum

124 2149 240 2208 habere
269 2167 328 2208 non
357 2153 466 2226 potest.
493 2147 618 2223 ‘Sumus
639 2132 726 2224 'euim
754 2149 904 2210 debitores
925 2166 984 2210 non
1005 2151 1086 2210 carni
1105 2156 1140 2212 ut

127 2250 290 2318 seeundum
311 2269 429 2309 carnem
450 2249 589 2324 vivamus,
611 2249 665 2309 sed
685 2236 809 2310 liberati
825 2270 843 2309 ι
861 2248 1086 2333 regnoDisboli
1107 2256 1139 2311 et

126 2350 262 2412 translati
283 2333 315 2410 in
334 2368 458 2429 regnum
478 2348 554 2424 uei,
583 2354 615 2409 ut
642 2348 707 2410 Deo
738 2350 912 2438 serviamus.
955 2348 1019 2412 Sed
1039 2355 1139 2413 tamen
1263 2405 1264 2408 ,

125 2453 278 2526 addimus,
306 2451 376 2511 huie
404 2470 497 2511 novae
518 2451 706 2513 obedientiae
734 2470 793 2512 non
821 2454 891 2513 es'se
907 2450 1138 2526 eonlidendum,

124 2554 210 2634 quasi
236 2573 292 2632 per
321 2571 386 2629 eam
411 2569 579 2611 mereamur
599 2552 805 2612 remissionem
824 2557 1030 2631 peecatorum,
1048 2551 1140 2632 justi·
1172 2611 1177 2620 ,

122 2656 197 2717 ιίιιιι
218 2660 249 2715 et
271 2654 361 2714 vitam
382 2639 532 2713 aeternam
549 2670 660 2735 eoram
680 2651 755 2713 Deo.
806 2650 970 2712 Manifesta
991 2657 1038 2712 est
1059 2650 1138 2714 enim

118 2757 270 2817 vsententio
292 2752 424 2813 christi:
446 2751 521 2812 Cum
541 2750 675 2812 feceritis
697 2752 803 2829 omnia,
825 2750 934 2813 dieite:
966 2751 1052 2813 Servi
1072 2753 1139 2813 inn-

123 2857 193 2918 tiles
215 2874 326 2930 smnus,
349 2854 429 2934 Eph.
451 2854 481 2914 2.
504 2853 607 2914 Gratia
628 2853 701 2914 salvi
722 2853 795 2915 faeti
815 2855 888 2916 estis
908 2874 965 2934 per
984 2855 1085 2932 fldem,
1106 2859 1138 2916 et

121 2960 183 3020 hoo
203 2977 263 3018 non
284 2976 321 3016 ex
342 2956 444 3030 nobis,
466 2954 523 3015 Dei
552 2956 660 3039 donum
687 2961 749 3030 est,
769 2973 830 3015 non
859 2972 898 3015 ex
918 2955 1078 3034 operibus
1098 2973 1138 3017 ne

123 3061 192 3140 quis
213 3059 364 3139 glorietur.
411 3055 566 3142 chrysost.
588 3055 626 3115 ad
648 3055 714 3115 Gal
736 3075 800 3135 eap.
820 3053 851 3115 5.
883 3054 968 3114 Nihil
987 3072 1062 3134 opus
1083 3055 1136 3116 ba-

122 3164 228 3222 bemus
249 3160 308 3219 illis
328 3157 483 3236 legalibus
505 3155 619 3216 suffieit
640 3157 719 3215 enim
739 3156 815 3217 lides
836 3156 874 3216 ad
888 3155 974 3249 hoe,
993 3159 1028 3216 ιιι
1047 3155 1136 3217 donet

122 3262 209 3324 nobis
232 3261 366 3340 spiritum
396 3264 427 3319 et
454 3277 511 3337 per
533 3257 614 3316 huno
631 3256 794 3336 justitiam,
823 3228 974 3336 mullaque
993 3275 1084 3334 super
1106 3260 1139 3316 et

121 3382 228 3444 magna
248 3364 326 3423 bona
342 3359 437 3420 Hilar.
458 3357 534 3420 Psal.
546 3355 598 3418 52.
633 3357 730 3433 lesus,
751 3364 785 3418 ut
804 3377 895 3438 saepe
916 3356 1052 3430 diximus,
1072 3355 1139 3436 ipso

121 3465 242 3528 nomine
264 3462 400 3523 salutaris
422 3467 478 3521 est.
529 3448 592 3520 lies
615 3464 714 3520 autem
741 3477 777 3519 ex
799 3459 871 3520 Sion
900 3455 1037 3519 nonfuit
1057 3456 1136 3518 salu-

122 3567 205 3640 taris.
229 3584 321 3644 opere
343 3560 462 3643 quidem
484 3561 645 3636 vivificam,
667 3560 722 3625 sed
743 3562 804 3623 non
817 3559 984 3650 justifluum
1005 3568 1042 3620 ex
1064 3556 1135 3618 lide.
