2544 4694
605 370 666 431 182

128 544 281 607 doctrinae
308 540 399 623 hujus
425 558 617 621 progressum
647 542 680 601 in
701 540 847 622 Scepusio
866 548 1075 609 mercatores
1094 544 1145 627 llp

128 651 244 711 aienses
266 643 412 705 nundinas
423 644 579 717 obeuntes,
601 644 652 723 qui
674 644 792 704 domum
809 645 953 718 reduces,
980 666 1071 729 quae
1089 650 1145 729 apul

130 758 247 811 cataros
270 746 442 806 audiverant
462 745 670 823 videruntque,
698 744 909 821 familiaribus,
940 766 1059 811 rerum
1078 762 1144 811 urar

129 871 195 912 rum
222 847 380 921 studiosis,
411 845 593 907 referebant.
646 846 771 927 lnsuper
801 849 893 923 riri,¹
916 850 975 929 qui
1007 850 1143 915 literam

131 970 220 1013 cansa
255 949 292 1009 ad
329 949 519 1009 Academiam
549 947 796 1029 l'itebergensem
818 945 1070 1033 (Leucorum)
1097 972 1142 1015 sea

131 1052 343 1124 conterebant,
364 1050 466 1130 quales
481 1084 524 1093 —
546 1056 666 1128 praeter
687 1048 848 1111 Martinam
869 1050 1023 1131 Cyrialai‚
1048 1054 1088 1117 de
1105 1074 1142 1135 qn

130 1174 180 1216 res
213 1155 326 1213 incerta
357 1157 404 1211 est
435 1183 478 1194 —
508 1147 637 1209 loannes
670 1150 788 1231 Siegler
819 1150 1141 1219 Leutsclrovieusisrt

131 1276 199 1317 rnox
220 1254 386 1334 complures
408 1252 475 1326 alii,
504 1250 681 1312 Laurentius
703 1252 850 1333 Serpilius
870 1253 1046 1334 Belensis,
1072 1258 1140 1319 nen

131 1357 242 1418 irardus
272 1355 360 1428 Gall,
381 1353 541 1414 Damianus
573 1352 674 1426 Grati,
707 1353 854 1433 Georgius
887 1353 1045 1419 Melczer
1074 1358 1139 1423 Vm

132 1458 244 1531 licnsis,
265 1457 421 1517 Emericns
441 1453 542 1514 Roxcr
563 1453 819 1515 Durandivillanus
841 1464 943 1531 amnt,
970 1458 1097 1523 domum
1111 1480 1137 1521 ra

132 1562 305 1652 migrantes,
338 1555 526 1616 accendendo
558 1556 674 1617 divinae
711 1559 844 1618 veritatis
874 1558 1010 1637 facem,
1043 1562 1136 1625 multu

134 1660 172 1719 dc
201 1661 361 1738 repurgato
391 1654 552 1735 lilangclio
583 1658 614 1716 in
641 1676 694 1716 ora
722 1657 778 1719 hac
807 1663 1013 1739 propagando
1047 1670 1135 1729 mers

34 1741 39 1749 ⁰
133 1768 210 1821 runt.
253 1760 313 1817 lmo
335 1759 394 1837 ipsi
415 1777 534 1837 quoque
556 1758 734 1832 adversarii,
766 1778 825 1819 uon
853 1780 968 1839 parum
1000 1766 1044 1827 ad
1073 1764 1133 1827 diod

132 1863 228 1942 ganda
258 1859 383 1920 Lutheri
412 1858 520 1938 placita
551 1859 746 1919 contulerunt.
800 1860 876 1921 Cum
900 1865 991 1927 enim
1015 1869 1055 1929 Ιιι
1072 1898 1093 1922 ..ι
1110 1902 1118 1914 .

132 1972 255 2023 naturae
273 1961 425 2041 proprium
446 1961 496 2033 sit,
516 1966 550 2020 ut
570 1961 600 2020 in
621 1961 744 2020 vetitum
765 1962 887 2036 nitatur,
909 1975 1118 2051 negeturque-

133 2066 211 2145 piat:
241 2063 366 2135 accidit,
399 2066 432 2121 ut
456 2061 694 2155 intempestivum
721 2062 848 2123 Praelati
875 2065 1124 2149 Scepusiensis

133 2164 338 2227 nonnullorum
359 2161 555 2223 Plcbauornm
581 2164 611 2223 in
638 2162 812 2242 religionem
834 2164 1066 2247 hlvarrgelicam
1085 2175 1108 2235 e'

134 2287 193 2348 que
213 2268 323 2327 amicos
345 2266 455 2337 odium,
478 2265 678 2326 curiositatem
698 2265 826 2345 plurium
846 2271 946 2346 magis
971 2274 1082 2337 adlmc
1099 2276 1121 2326 ·“.

134 2376 223 2442 taret,
245 2387 358 2447 eosque
378 2386 470 2426 novae
490 2366 580 2446 hujus
603 2366 755 2427 doctrinae
776 2369 904 2446 penitius
927 2391 1099 2453 cognosce

134 2471 340 2551 cupidissimos
371 2469 521 2529 redderet.
565 2468 665 2545 Quare
694 2476 726 2530 et
756 2471 866 2550 scripta
887 2471 1032 2539 Lutlaeri
1059 2480 1102 2541 a·
1140 2522 1143 2527 -

134 2574 210 2633 sirne
231 2571 405 2650 legebantur
434 2575 465 2630 et
487 2571 552 2651 ejus
573 2570 718 2631 formulae
738 2591 926 2651 praecones,
961 2596 1121 2663 quoquae

133 2678 248 2746 nerant,
271 2671 377 2750 cupide
398 2670 600 2731 audiebantur.
652 2670 783 2732 Numero
815 2675 987 2757 amicorum
1011 2702 1052 2747 re

134 2771 291 2850 Evangelii
311 2773 342 2831 in
364 2770 427 2832 dies
448 2772 645 2846 increscente,
666 2790 734 2831 cum
756 2771 930 2865 Capitrdum·
949 2778 1098 2865 Spar,
1121 2816 1123 2824 ι

134 2874 262 2947 veritati,
285 2892 360 2954 quae
381 2874 521 2933 torrentis
550 2874 645 2933 instar
666 2872 842 2954 Scepusinm
862 2878 1088 2965 inundaverat,

133 2975 308 3056 primendae
335 2974 432 3054 impar
468 2994 503 3034 se
529 2975 665 3048 sentiret,
699 2976 800 3037 effecit
832 2983 864 3037 ut
888 2978 1102 3067 Ferdimpdn

134 3077 299 3156 imperator
319 3083 351 3137 et
370 3076 436 3136 iter
455 3076 643 3157 Hungariae,
675 3076 726 3139 dle
754 3078 805 3138 21.
828 3080 925 3161 April.
956 3104 1049 3153 anno

10 3241 12 3245 .
134 3160 348 3258 Norlmbergae
379 3178 517 3239 Edictum
545 3177 699 3259 vudgaret,
735 3200 795 3260 quo
821 3180 971 3249 Praelatis
999 3200 1036 3257 et
1087 3188 1125 3242 θ’

135 3279 223 3341 Sedis
246 3280 453 3359 Scepusiensis
473 3280 646 3356 mandabat,
678 3288 736 3355 „ut
758 3281 909 3346 Parochos
931 3286 1062 3371 Viginti
1080 3294 1126 3373 Q·

135 3387 203 3441 tuor
222 3380 370 3460 Regales,
402 3401 469 3442 cum
495 3383 632 3443 universo
663 3402 766 3444 eorum
787 3382 1000 3468 crematque
1022 3396 1117 3459 snut?

135 3482 167 3541 in
196 3484 316 3562 antiquo
349 3483 478 3543 Sanctae
508 3489 539 3543 et
568 3482 742 3546 Catholicae
769 3486 923 3567 religionis
959 3502 1061 3579 atquo

135 3582 236 3655 cultu,
267 3582 520 3662 laudabilibusque
545 3584 653 3645 ritibus
681 3591 713 3646 et
735 3587 1004 3659 observationibus
1036 3630 1050 3652 ι.
1083 3631 1092 3652 n
1106 3626 1114 3651 a

136 3689 227 3744 neant
247 3690 279 3743 et
300 3682 482 3759 defendant,
509 3684 629 3764 illisque
659 3702 733 3765 cum·
747 3705 821 3767 opus
844 3687 957 3767 fucrit,
983 3704 1053 3763 tam
1071 3698 1130 3783 ,pst

134 3785 218 3859 tuali,
240 3805 327 3865 quam
348 3784 473 3846 seculari
493 3786 626 3861 brachio,
647 3786 803 3850 adversum
824 3788 988 3859 damnatae
1054 3802 1092 3821 '²

134 3891 167 3946 et
187 3885 339 3946 doctrinae
360 3891 523 3947 sectatores
555 3902 761 3969 quoscunque,
791 3892 955 3957 caedibus
980 3920 1089 3967 eom
1103 3921 1130 3965 ra

134 3984 289 4065 pellendos
310 3993 342 4048 et
362 3986 578 4067 exstirpandos,
599 3988 738 4053 auxilium
755 3991 889 4059 debitum
903 4002 937 4059 et
950 4014 1130 4091 oppertus!
