2542 4702
479 480 679 493 *—

10 555 30 717 p
73 582 261 647 responsum,
293 588 354 653 quo
382 566 571 651 relegebatur
602 568 640 630 ad
671 532 823 650 negotium
849 590 917 631 cum
936 570 1088 655 Episcopo

17 710 21 728 ι
74 667 178 735 leslo
195 670 444 753 transigendum
474 679 608 734 ceterum
637 691 707 733 rero
734 673 926 749 monebatur,
953 672 1086 736 libellum

10 723 33 940 l'
74 774 230 853 supplicem
251 772 411 835 Tredecim
441 773 685 853 oppidanorum,
716 792 803 853 quem
830 773 997 855 Podolaclty
1018 795 1087 838 cum

25 932 29 937 .
71 888 106 929 eo
139 868 415 951 comunionem,
447 876 540 936 ridcri
574 877 602 936 ei
636 874 766 935 similem
798 876 936 955 precibus
967 877 1083 955 furiosi,

10 960 14 1076 ἰ
68 971 200 1049 gladium
221 996 279 1059 quo
300 998 335 1038 se
356 986 388 1039 ct
408 996 477 1037 auos
498 976 597 1037 laedet
616 977 767 1057 petentis;
798 978 909 1057 quippe
942 980 1020 1057 quod
1049 1000 1086 1043 ca

10 1104 14 1154 p
66 1085 249 1153 precentor,
271 1096 347 1158 queo
369 1078 533 1139 certissima
554 1082 623 1137 suut
642 1077 793 1151 remedia,
814 1097 884 1137 aeae
904 1078 935 1138 iu
955 1080 1086 1141 Acatho-

10 1170 13 1263 l
63 1170 186 1241 licismo
224 1179 363 1239 firmandi
401 1185 432 1239 et
464 1179 496 1238 iu
526 1198 564 1239 co
595 1196 678 1239 suam
713 1196 830 1257 quoque
860 1179 974 1257 prolem
1013 1180 1086 1241 edu-

58 1282 192 1341 dandi‘*

10 1386 12 1447 ζ
150 1380 283 1461 chulss
306 1380 416 1455 liacce,
440 1400 526 1460 quam
554 1379 723 1460 Podolszly
751 1387 783 1442 et
802 1380 935 1442 Viennae
956 1387 986 1443 et
1006 1381 1084 1462 Tyr·

10 1490 15 1547 ;'
53 1484 169 1543 uavue
188 1482 290 1543 iuerat
309 1501 433 1562 passus,
462 1483 606 1541 opimatus
633 1482 763 1571 erisko,
789 1481 996 1561 quommodo
1023 1484 1088 1545 rei·-

19 1608 23 1615 ·
51 1584 203 1657 publicae
222 1582 353 1643 Polonae
367 1584 466 1643 odium
483 1584 655 1657 concitaret,
677 1600 779 1643 coram
803 1582 912 1664 Officio
933 1587 1087 1646 castrensi

14 1675 17 1681 ¹
54 1674 269 1759 Sandeccnai,
290 1687 407 1765 scripulo
427 1686 459 1743 in
483 1684 625 1765 Oopitulo
647 1682 847 1765 Scepoaienai
864 1684 913 1746 dic
934 1686 984 1745 14.
995 1688 1081 1767 Aug.

10 1808 12 1836 ι
54 1779 152 1849 luno
172 1774 335 1868 'composito
366 1785 415 1847 die
435 1786 466 1845 3.
490 1784 681 1867 Septentrio
696 1804 758 1867 per
780 1786 902 1865 legatos
931 1787 1082 1849 interces-

55 1882 117 1947 tt‘t.
146 1888 242 1949 Erout
262 1893 360 1947 autem
380 1887 586 1962 accusationis,
607 1887 821 1947 intercessione
839 1885 1082 1972 (protestatione)

56 1981 125 2051 llac
138 2058 142 2065 ,
156 1995 328 2063 contentae,
359 1995 469 2068 puncta
500 1988 594 2048 haec:
643 1987 730 2065 Quod
761 1987 985 2064 Praedicautes,
1031 1991 1083 2070 qui

22 2094 25 2099 '
58 2080 163 2151 Maria
183 2089 315 2169 losepha
336 2096 480 2167 regnante
501 2087 682 2149 Mcnhurdi-
711 2093 742 2147 ct
755 2087 1000 2167 ‘Rusquinirillae
1028 2091 1081 2151 de·

60 2197 239 2266 cesserant,
260 2210 316 2251 uec
337 2190 409 2250 alios
430 2190 490 2250 illis
512 2189 684 2269 surrogaudi
706 2190 820 2268 copiam
842 2189 999 2251 'fredecim
1017 2190 1080 2271 0p·

60 2287 167 2362 pidani
187 2292 322 2352 obtinere
342 2295 499 2370 poteraut,
526 2308 631 2349 rursus
658 2286 819 2368 Cupitaneo
847 2288 943 2349 Briihl
963 2289 1000 2351 sd
1021 2291 1081 2352 clu-

10 2446 29 2468 „
61 2402 136 2455 nun
164 2392 308 2467 sedente,
337 2393 369 2451 iu
399 2390 515 2471 Oppida
535 2390 610 2450 haec
632 2391 790 2451 introducti
811 2392 887 2483 sintp
917 2392 995 2470 quod
1014 2410 1080 2453 mu·
1198 2430 1204 2437 ·

10 2530 12 2539 ·
64 2502 143 2557 ltere
164 2494 266 2555 Grallo
289 2500 320 2555 et
339 2491 493 2553 ludicibus
516 2492 679 2552 Catholicis
707 2491 743 2552 ad
765 2492 864 2552 cilicia
885 2493 971 2571 aptis,
992 2494 1080 2553 alaro-

63 2602 156 2671 rato,
177 2594 340 2655 Luthcrani
359 2594 397 2654 iis
418 2594 477 2653 sint
498 2593 634 2667 suffecti3
664 2593 742 2673 quod
772 2593 841 2652 dorm
863 2594 942 2654 cirea
964 2592 1080 2655 'l'rede-
1155 2637 1157 2643 ,

65 2690 132 2757 tirn'
146 2696 295 2777 Oppidani
314 2696 345 2755 lu
367 2697 480 2768 causis,
512 2695 622 2755 Forum
651 2693 804 2773 spirituale
825 2695 1079 2769 concernentibus,

63 2778 126 2865 lter
151 2796 366 2858 Consiatorium
398 2795 527 2876 G'apituli
556 2795 761 2874 Scepusiensia
793 2796 824 2855 in
848 2794 900 2874 jus
930 2802 1080 2870 vocentur,

63 2899 282 2961 contumaciter
294 2876 472 2977 xcomparere
492 2897 671 2971 detrectent,
693 2896 898 2968 adfirmantes,
920 2916 975 2975 per
992 2895 1080 2976 Capi·

61 2992 205 3073 iuncum,
226 3018 266 3059 ue
287 3019 356 3059 sese
377 3000 501 3072 sistunt,
532 3000 569 3058 iis
590 2998 762 3077 prohiberi3
794 2998 872 3075 quod
892 2997 1079 3077 Evangelicia

22 3092 26 3097 ’
60 3083 227 3161 'frenesim
248 3098 412 3179 oppidanis
439 3099 554 3158 nonnisi
586 3099 729 3177 simplicia
754 3096 852 3176 ligneo
880 3095 1080 3172 Oratoriu,·in
1184 3099 1186 3105 '

59 3202 150 3261 teris
174 3200 352 3279 reliquarum
380 3199 531 3258 domorum
559 3199 796 3276 horreorumque
825 3196 984 3257 aedillcure
1009 3217 1080 3277 per-

55 3298 192 3363 minum
211 3301 318 3375 luerit,
339 3301 396 3374 ita,
416 3306 450 3359 ut
470 3300 644 3358 horreorum
666 3297 761 3357 forma
776 3300 966 3373 retineretur,
987 3298 1078 3360 aedes

55 3400 160 3479 v(³1²0,
180 3403 327 3483 superiori
348 3402 487 3476 tabulato,
509 3402 657 3481 suggestis
679 3401 779 3475 sacris,
800 3386 899 3461 choro
913 3406 945 3461 et
969 3418 1080 3479 organo

56 3504 207 3579 carmen
237 3503 326 3564 modo
356 3509 453 3562 cutem
486 3502 616 3575 admitti,
653 3507 687 3560 ut
717 3501 806 3560 aedes
836 3500 894 3560 liae
923 3500 1079 3580 splendide

55 3600 236 3677 'turnum
270 3603 422 3663 Ecclesiae
453 3597 623 3685 (Templa)
654 3601 822 3661 Catholicae
855 3608 1019 3681 exaequent
1048 3609 1079 3663 ct

56 3702 160 3781 *ψη
178 3705 236 3765 ulla
256 3704 392 3763 aedilicia
424 3703 588 3774 emineant3
617 3701 713 3780 ipsum
738 3700 932 3780 capitaneum
951 3702 1080 3762 insolen-

57 3790 143 3863 tiam
170 3786 283 3866 hancce
312 3803 470 3863 Trcdecim
508 3802 731 3881 Oppidauorum
769 3802 1010 3880 Evangelicorum
1041 3820 1080 3862 co

63 3894 227 3979 ¹¹(liticare,
258 3904 337 3983 quod
363 3936 405 3947 -
434 3910 466 3962 ut
494 3902 714 3961 Durandivillac
734 3907 766 3961 et
786 3900 923 3963 Veruliac
942 3899 1015 3962 fecit
1035 3934 1078 3947 -

67 3986 235 4083 Oppidana
259 4006 390 4086 speciem
413 4000 548 4087 (Abriss)
569 4004 685 4065 aedium
707 4003 874 4075 submittat,
895 4020 953 4081 qua
972 4003 1079 4065 haere·
1207 4029 1210 4035 ·

828 4102 869 4138 M
958 4104 961 4109 '
