2542 4702
54 567 137 652 'omni
158 594 301 668 tompore.
345 583 499 645 mnenon
519 585 551 644 ru
570 590 635 646 roco
655 594 798 663 cormac,
830 584 862 644 ro
892 589 955 655 tou
975 585 1072 663 mm.

57 697 88 754 ct
106 692 140 750 iu
162 686 449 769 quinqueremibus
471 686 623 766 corporis3
650 684 826 746 maledictus
853 683 969 749 fructus
1001 701 1073 751 vau*

57 795 111 856 tris
141 809 261 865 eorum,
288 787 464 848 maledictus
491 784 608 849 tructus
636 792 739 848 terrae
758 803 880 863 eorum,
915 786 1076 853 maledicta
1160 850 1163 863 ,

61 897 117 958 sint
137 895 237 956 omnia
257 908 378 967 eoram,
406 889 595 952 maledictum
616 897 705 970 caput
725 906 845 964 eorum,
872 906 944 967 ora,
969 907 1071 970 aaron

58 1014 162 1072 ursus,
190 995 283 1070 labia,
313 993 435 1068 fauces,
462 994 587 1069 dentes,
618 991 711 1067 cauli,
732 992 1074 1073 puplice-,cerebrum
1147 1026 1153 1047 ι

53 1099 206 1180 'palatum,
234 1096 371 1176 linguae,
402 1100 536 1176 guttura,
557 1100 681 1175 pectus,
707 1094 815 1170 corda,
836 1099 957 1170 venter,
974 1096 1074 1177 jecur,
1106 1075 1150 1167 ‘s

56 1191 175 1264 viscera
202 1200 318 1274 omnia3
347 1198 521 1261 maledictum
548 1197 735 1273 stomachus,
768 1197 872 1278 splen,
903 1197 1073 1274 umbilicus,

57 1304 174 1378 vesica3
212 1300 369 1363 maledictu
399 1301 460 1362 siut
482 1319 591 1376 ‘crura,
621 1300 728 1374 tibiae,
763 1298 858 1380 pedes
887 1305 919 1362 et
949 1298 1072 1380 pollices

60 1401 180 1478 eornm3
198 1402 358 1464 maledicta
379 1400 472 1476 oolla,
498 1401 646 1481 scapulae,
663 1401 765 1476 dorsa,
785 1399 917 1477 brachiu,
939 1401 1074 1476 cubitus}

58 1504 218 1566 maledicta
236 1492 350 1565 manus
366 1508 400 1587 et
428 1502 554 1583 digitum
586 1501 735 1563 maledicti
755 1520 869 1581 ungues
888 1502 919 1563 in
939 1502 1073 1565 manibus

62 1611 97 1668 et
108 1606 140 1664 in
153 1603 295 1686 pedibur;
316 1603 472 1665 maledictu
486 1608 580 1677 costa,
592 1604 737 1683 genitura,
758 1622 864 1682 genua,
887 1621 965 1684 caro,
984 1622 1074 1679 ossa;

64 1705 241 1786 maledictus
261 1706 380 1785 sanguis
403 1722 521 1777 eorum,
549 1702 707 1763 maledicta
727 1703 830 1782 pellis,
857 1703 1014 1767 maledicta
1034 1706 1074 1767 sit

62 1806 195 1868 medulla
215 1808 246 1867 in
268 1807 385 1867 ossibus
407 1794 526 1877 eorum}
548 1804 689 1883 quidquid
710 1805 965 1881 interesteorum3
982 1807 1074 1869 male*

59 1911 197 1971 dicontur
224 1910 255 1970 in
285 1907 399 1969 Christi
425 1908 564 1988 passione
592 1913 623 1967 et
652 1926 719 1966 cum
747 1909 875 1986 quinque
903 1907 1072 1972 vulneribus

26 2005 29 2023 '
60 2012 175 2073 christi
203 2016 234 2072 et
260 2008 494 2071 cumeffusione
514 2008 663 2090 sanguinis
686 2006 814 2085 Christi,
845 2013 876 2069 et
908 2028 976 2070 cum
995 1991 1074 2072 lacte

59 2113 190 2194 Virginis
211 2112 336 2172 Mariae.

146 2214 261 2293 Adjuro
292 2217 325 2273 te
355 2210 498 2272 Lucifer!
540 2229 606 2269 cum
634 2210 768 2270 omnibus
801 2210 975 2272 satellitibus
1004 2213 1074 2289 tuis,
1137 2237 1138 2240 ¹

59 2320 135 2379 item
163 2334 230 2375 cum
261 2313 349 2374 Patre
377 2311 505 2393 et'lilio
526 2316 557 2372 et
579 2330 645 2372 cum
667 2311 779 2390 Spiritu
800 2311 926 2388 Sancto,
955 2319 1075 2376 etcum

60 2416 244 2489 humanitate
270 2419 302 2475 et
328 2414 481 2473 nativitate
509 2411 645 2486 Domini,
674 2418 705 2472 et
726 2431 795 2473 cum
814 2413 924 2474 virtute
944 2416 1075 2476 omnium
1160 2423 1164 2429 '

63 2502 255 2592 Sanctorum,
277 2519 310 2576 ut
330 2514 440 2574 nullam
459 2513 570 2573 habeus
593 2513 723 2592 quietem
743 2513 848 2574 diebus
873 2533 908 2575 ac
921 2504 1076 2594 noctibus,
1140 2511 1144 2515 ’

61 2621 159 2682 donec
190 2616 366 2698 perduxeris
399 2633 452 2675 eos
484 2614 521 2674 ad
550 2614 717 2689 interitum,
755 2616 818 2675 sive
849 2614 880 2677 in
907 2617 1075 2680 fluminibus

61 2727 250 2808 mergantur,
282 2719 345 2780 sive
374 2716 606 2795 suspendantur,
633 2715 682 2776 vel
708 2716 885 2778 devorentur
912 2739 930 2785 a
960 2720 1076 2795 bestiis,
1198 2791 1200 2795 ι
1247 2745 1251 2754 2

68 2826 130 2885 sive
152 2823 376 2895 comburuntur,
398 2818 460 2879 sive
481 2818 697 2878 interficiantur
717 2818 754 2878 ab
776 2819 913 2894 inimicis,
934 2820 1009 2882 odio·
1021 2821 1077 2884 lru-
1142 2896 1144 2901 ,

65 2927 191 2987 beantur
219 2925 256 2984 ab
283 2923 417 2985 omnibus
445 2919 626 2993 virentibus,
647 2919 695 2978 vel
723 2913 819 2981 solum
839 2940 940 3007 manes
962 2942 1075 2985 eorum.

64 3028 105 3088 ut
134 3026 212 3086 sicut
239 3022 380 3083 Dominus
412 3021 502 3082 Petro
535 3025 567 3080 et
595 3021 660 3100 ejus
683 3023 921 3100 successoribus,
951 3044 1075 3103 quorum

63 3130 144 3188 vices
166 3133 313 3197 tenemur,
328 3126 360 3182 et
380 3121 476 3195 nobis,
498 3122 627 3200 quamvis
650 3121 789 3202 indignis,
809 3129 989 3204 potestatem
1005 3146 1075 3189 cou-

63 3228 148 3301 tulit,
169 3232 223 3301 ut,
244 3223 440 3305 quodcunque
458 3221 647 3302 ligaverimus
667 3222 700 3282 in
720 3224 828 3297 terris,
856 3221 967 3307 ligetur
987 3230 1075 3290 etiam

64 3330 95 3389 in
118 3327 219 3400 coelis,
241 3331 272 3386 et
293 3323 485 3404 quodcunque
502 3322 674 3384 solverimus
691 3323 839 3401 interris,
861 3328 1024 3391 solveretur
1046 3335 1077 3391 et

65 3432 97 3489 in
119 3428 218 3500 coelo,
240 3427 285 3487 sic
301 3424 364 3503 illis
386 3425 501 3485 coelum
522 3423 702 3497 claudimus,
732 3431 763 3487 et
783 3432 894 3488 terram
915 3428 952 3489 ad
973 3429 1076 3511 sepul-

10 3608 13 3613 ,
67 3537 165 3590 turam
184 3545 341 3608 negamus,
362 3529 416 3588 sed
437 3527 617 3607 sepeliantur
637 3528 669 3586 in
683 3529 807 3607 ¹pascuis
829 3530 987 3592 asinorum.
1024 3531 1075 3593 'ln-

66 3650 158 3711 super
190 3631 230 3691 sit
257 3636 339 3691 terra
365 3627 541 3715 maledicta,
572 3628 604 3687 iu
635 3647 692 3708 qua
723 3629 759 3690 fit
790 3628 941 3708 sepultura
963 3652 1074 3707 eorum,

27 3732 31 3739 '
66 3738 191 3815 pereant
210 3732 248 3792 in'
262 3730 363 3791 futuro
380 3727 510 3810 judicio,
539 3729 790 3790 conversationem
811 3749 878 3791 cum
900 3730 1075 3794 Christianis

66 3854 125 3896 uon
155 3834 298 3906 habeant,
330 3849 556 3912 nequencorpur
577 3831 710 3905 Domini,
742 3849 810 3893 cum
829 3833 860 3894 in
880 3833 984 3894 mortis
1005 3836 1075 3896 arti-
1135 3908 1137 3915 y

10 3968 12 3977 ·
67 3936 135 3999 culo
161 3941 250 4012 suut,
280 3928 472 4016 ιιιιοὶιιίιιιιιΙ
490 3933 565 3996 liant
595 3938 731 4014 tanquam
760 3934 857 4012 pulvis
878 3940 947 3998 unte
967 3935 1074 4013 taciem
