<?xml version="1.0" encoding="UTF-8"?>
<!DOCTYPE html PUBLIC "-//W3C//DTD XHTML 1.0 Transitional//EN"
    "http://www.w3.org/TR/xhtml1/DTD/xhtml1-transitional.dtd">
<html xmlns="http://www.w3.org/1999/xhtml" xml:lang="en" lang="en">
 <head>
  <title>
</title>
<meta http-equiv="Content-Type" content="text/html;charset=utf-8" />
  <meta name='ocr-system' content='tesseract 3.04.00' />
  <meta name='ocr-capabilities' content='ocr_page ocr_carea ocr_par ocr_line ocrx_word'/>
</head>
<body>
  <div class='ocr_page' id='page_1' title='image "./historiaecclesi00munygoog_0237.png"; bbox 0 0 2544 4694; ppageno 0'>
   <div class='ocr_carea' id='block_1_1' title="bbox 80 562 1150 1363">
    <p class='ocr_par' dir='ltr' id='par_1_1' title="bbox 129 562 1149 743">
     <span class='ocr_line' id='line_1_1' title="bbox 130 562 1149 646; baseline 0.001 -19"><span class='ocrx_word' id='word_1_1' title='bbox 130 566 171 628; x_wconf 88' lang='lat' dir='ltr'><strong>da</strong></span> <span class='ocrx_word' id='word_1_2' title='bbox 190 565 287 626; x_wconf 84' lang='lat' dir='ltr'><strong>libero</strong></span> <span class='ocrx_word' id='word_1_3' title='bbox 317 562 479 627; x_wconf 81' lang='lat' dir='ltr'><strong>Tradeoim</strong></span> <span class='ocrx_word' id='word_1_4' title='bbox 500 563 724 645; x_wconf 82' lang='lat' dir='ltr'><strong>Oppidanoram</strong></span> <span class='ocrx_word' id='word_1_5' title='bbox 750 564 903 646; x_wconf 79' lang='lat' dir='ltr'><strong>religionis</strong></span> <span class='ocrx_word' id='word_1_6' title='bbox 924 567 1069 628; x_wconf 83' lang='lat' dir='ltr'><strong>exercitio</strong></span> <span class='ocrx_word' id='word_1_7' title='bbox 1089 568 1149 629; x_wconf 76' lang='lat' dir='ltr'><strong>Ar·</strong></span> 
     </span>
     <span class='ocr_line' id='line_1_2' title="bbox 129 650 1142 743; baseline -0.002 -13"><span class='ocrx_word' id='word_1_8' title='bbox 129 667 222 730; x_wconf 74' lang='lat' dir='ltr'><strong>tam</strong></span> <span class='ocrx_word' id='word_1_9' title='bbox 242 666 463 743; x_wconf 62' lang='lat' dir='ltr'><strong>aalma</strong></span> <span class='ocrx_word' id='word_1_10' title='bbox 1098 650 1142 713; x_wconf 81' lang='grc'><strong>-“</strong></span> 
     </span>
    </p>

    <p class='ocr_par' dir='ltr' id='par_1_2' title="bbox 80 766 1150 1363">
     <span class='ocr_line' id='line_1_3' title="bbox 179 766 1149 850; baseline 0.004 -23"><span class='ocrx_word' id='word_1_11' title='bbox 179 796 184 807; x_wconf 90' lang='grc'><strong><em>·</em></strong></span> <span class='ocrx_word' id='word_1_12' title='bbox 215 767 331 845; x_wconf 78' lang='lat' dir='ltr'><strong>Quodsi</strong></span> <span class='ocrx_word' id='word_1_13' title='bbox 357 767 548 828; x_wconf 85' lang='lat' dir='ltr'><strong>nihilominus</strong></span> <span class='ocrx_word' id='word_1_14' title='bbox 577 766 731 846; x_wconf 82' lang='lat' dir='ltr'><strong>capitanei</strong></span> <span class='ocrx_word' id='word_1_15' title='bbox 751 767 911 830; x_wconf 86' lang='lat' dir='ltr'><strong>Tredeolua</strong></span> <span class='ocrx_word' id='word_1_16' title='bbox 932 767 1082 850; x_wconf 85' lang='lat' dir='ltr'><strong>(lppidanl</strong></span> <span class='ocrx_word' id='word_1_17' title='bbox 1100 771 1149 831; x_wconf 91' lang='lat' dir='ltr'><strong>in-</strong></span> 
     </span>
     <span class='ocr_line' id='line_1_4' title="bbox 128 854 1149 950; baseline 0.003 -20"><span class='ocrx_word' id='word_1_18' title='bbox 128 854 343 950; x_wconf 73' lang='lat' dir='ltr'><strong>stigattouibns</strong></span> <span class='ocrx_word' id='word_1_19' title='bbox 369 867 451 929; x_wconf 80' lang='lat' dir='ltr'>Cleri</span> <span class='ocrx_word' id='word_1_20' title='bbox 491 869 581 944; x_wconf 79' lang='lat' dir='ltr'><strong>moti,</strong></span> <span class='ocrx_word' id='word_1_21' title='bbox 616 870 766 929; x_wconf 90' lang='lat' dir='ltr'><strong>interdum</strong></span> <span class='ocrx_word' id='word_1_22' title='bbox 808 890 878 931; x_wconf 86' lang='lat' dir='ltr'><strong>aeae</strong></span> <span class='ocrx_word' id='word_1_23' title='bbox 913 872 1080 933; x_wconf 74' lang='lat' dir='ltr'><strong>severiores</strong></span> <span class='ocrx_word' id='word_1_24' title='bbox 1117 873 1149 933; x_wconf 91' lang='lat' dir='ltr'><strong>in</strong></span> 
     </span>
     <span class='ocr_line' id='line_1_5' title="bbox 128 968 1150 1056; baseline 0 -23"><span class='ocrx_word' id='word_1_25' title='bbox 128 970 291 1033; x_wconf 77' lang='lat' dir='ltr'><strong>&#39;l&#39;redecim</strong></span> <span class='ocrx_word' id='word_1_26' title='bbox 332 968 516 1050; x_wconf 76' lang='lat' dir='ltr'><strong>oppidorum</strong></span> <span class='ocrx_word' id='word_1_27' title='bbox 552 968 673 1056; x_wconf 24' lang='lat' dir='ltr'><strong>luamus·</strong></span> <span class='ocrx_word' id='word_1_28' title='bbox 705 970 900 1050; x_wconf 78' lang='lat' dir='ltr'><strong>Evangelicoa</strong></span> <span class='ocrx_word' id='word_1_29' title='bbox 931 970 1150 1035; x_wconf 74' lang='lat' dir='ltr'><strong>exhibuerunte</strong></span> 
     </span>
     <span class='ocr_line' id='line_1_6' title="bbox 126 1070 1150 1155; baseline 0.001 -21"><span class='ocrx_word' id='word_1_30' title='bbox 126 1080 231 1135; x_wconf 87' lang='lat' dir='ltr'><strong>tamen</strong></span> <span class='ocrx_word' id='word_1_31' title='bbox 252 1070 301 1155; x_wconf 90' lang='lat' dir='ltr'><strong>(ut</strong></span> <span class='ocrx_word' id='word_1_32' title='bbox 321 1071 431 1131; x_wconf 84' lang='lat' dir='ltr'><strong>eximie</strong></span> <span class='ocrx_word' id='word_1_33' title='bbox 452 1077 535 1131; x_wconf 82' lang='lat' dir='ltr'><strong>certo</strong></span> <span class='ocrx_word' id='word_1_34' title='bbox 556 1077 587 1131; x_wconf 90' lang='lat' dir='ltr'><strong>et</strong></span> <span class='ocrx_word' id='word_1_35' title='bbox 607 1090 678 1131; x_wconf 78' lang='lat' dir='ltr'><strong>vare</strong></span> <span class='ocrx_word' id='word_1_36' title='bbox 699 1070 916 1152; x_wconf 79' lang='lat' dir='ltr'><strong>Panyatowsly</strong></span> <span class='ocrx_word' id='word_1_37' title='bbox 936 1074 968 1134; x_wconf 89' lang='lat' dir='ltr'><strong>in</strong></span> <span class='ocrx_word' id='word_1_38' title='bbox 995 1073 1091 1135; x_wconf 89' lang='lat' dir='ltr'><strong>literis</strong></span> <span class='ocrx_word' id='word_1_39' title='bbox 1110 1074 1150 1135; x_wconf 94' lang='lat' dir='ltr'><strong>ad</strong></span> 
     </span>
     <span class='ocr_line' id='line_1_7' title="bbox 91 1162 1150 1256; baseline 0.002 -20"><span class='ocrx_word' id='word_1_40' title='bbox 91 1194 100 1221; x_wconf 69' lang='lat'><em>1</em></span> <span class='ocrx_word' id='word_1_41' title='bbox 126 1174 313 1255; x_wconf 81' lang='lat' dir='ltr'><strong>Eplscopum</strong></span> <span class='ocrx_word' id='word_1_42' title='bbox 333 1174 447 1234; x_wconf 81' lang='lat' dir='ltr'><strong>Zbiako</strong></span> <span class='ocrx_word' id='word_1_43' title='bbox 473 1162 550 1232; x_wconf 86' lang='lat' dir='ltr'><strong>llatla</strong></span> <span class='ocrx_word' id='word_1_44' title='bbox 571 1169 706 1256; x_wconf 90' lang='lat' dir='ltr'><strong>monuit)</strong></span> <span class='ocrx_word' id='word_1_45' title='bbox 735 1192 807 1233; x_wconf 84' lang='lat' dir='ltr'><strong>mox</strong></span> <span class='ocrx_word' id='word_1_46' title='bbox 826 1175 967 1254; x_wconf 79' lang='lat' dir='ltr'><strong>prudenti</strong></span> <span class='ocrx_word' id='word_1_47' title='bbox 987 1176 1110 1237; x_wconf 88' lang='lat' dir='ltr'><strong>oonsilio</strong></span> <span class='ocrx_word' id='word_1_48' title='bbox 1130 1196 1150 1237; x_wconf 88' lang='lat' dir='ltr'><strong>a</strong></span> 
     </span>
     <span class='ocr_line' id='line_1_8' title="bbox 80 1273 1149 1363; baseline 0.002 -26"><span class='ocrx_word' id='word_1_49' title='bbox 80 1340 84 1363; x_wconf 35' lang='grc' dir='ltr'><strong>ι</strong></span> <span class='ocrx_word' id='word_1_50' title='bbox 127 1277 297 1361; x_wconf 78' lang='lat' dir='ltr'><strong>proposito,</strong></span> <span class='ocrx_word' id='word_1_51' title='bbox 326 1274 502 1355; x_wconf 72' lang='lat' dir='ltr'><strong>religionem</strong></span> <span class='ocrx_word' id='word_1_52' title='bbox 521 1273 714 1339; x_wconf 79' lang='lat' dir='ltr'><strong>,catholicam</strong></span> <span class='ocrx_word' id='word_1_53' title='bbox 744 1277 777 1335; x_wconf 92' lang='lat' dir='ltr'><strong>in</strong></span> <span class='ocrx_word' id='word_1_54' title='bbox 798 1275 959 1337; x_wconf 78' lang='lat' dir='ltr'><strong>&#39;l&#39;redecim</strong></span> <span class='ocrx_word' id='word_1_55' title='bbox 980 1277 1099 1358; x_wconf 81' lang='lat' dir='ltr'><strong>Oppida</strong></span> <span class='ocrx_word' id='word_1_56' title='bbox 1117 1273 1149 1339; x_wconf 82' lang='lat' dir='ltr'><strong>vl</strong></span> 
     </span>
    </p>
   </div>
   <div class='ocr_carea' id='block_1_2' title="bbox 80 1366 1251 1456">
    <p class='ocr_par' dir='ltr' id='par_1_3' title="bbox 80 1366 1251 1456">
     <span class='ocr_line' id='line_1_9' title="bbox 80 1366 1251 1456; baseline 0.023 -29"><span class='ocrx_word' id='word_1_57' title='bbox 80 1366 92 1407; x_wconf 65' lang='grc' dir='ltr'><strong><em>Γ</em></strong></span> <span class='ocrx_word' id='word_1_58' title='bbox 127 1378 300 1453; x_wconf 61' lang='lat' dir='ltr'><strong>nsandi,</strong></span> <span class='ocrx_word' id='word_1_59' title='bbox 321 1378 536 1438; x_wconf 83' lang='lat' dir='ltr'><strong>abstinuerunt.</strong></span> <span class='ocrx_word' id='word_1_60' title='bbox 588 1377 729 1456; x_wconf 82' lang='lat' dir='ltr'><strong>Etprout</strong></span> <span class='ocrx_word' id='word_1_61' title='bbox 740 1377 849 1439; x_wconf 83' lang='lat' dir='ltr'><strong>abusus</strong></span> <span class='ocrx_word' id='word_1_62' title='bbox 865 1396 926 1440; x_wconf 88' lang='lat' dir='ltr'><strong>non</strong></span> <span class='ocrx_word' id='word_1_63' title='bbox 935 1379 1013 1441; x_wconf 86' lang='lat' dir='ltr'><strong>tollit</strong></span> <span class='ocrx_word' id='word_1_64' title='bbox 1033 1376 1149 1449; x_wconf 70' lang='lat' dir='ltr'><strong>rectum</strong></span> <span class='ocrx_word' id='word_1_65' title='bbox 1249 1422 1251 1426; x_wconf 55' lang='grc'>’</span> 
     </span>
    </p>
   </div>
   <div class='ocr_carea' id='block_1_3' title="bbox 82 1477 1152 4181">
    <p class='ocr_par' dir='ltr' id='par_1_4' title="bbox 82 1477 1152 4181">
     <span class='ocr_line' id='line_1_10' title="bbox 127 1477 1149 1561; baseline 0.002 -21"><span class='ocrx_word' id='word_1_66' title='bbox 127 1480 236 1541; x_wconf 69' lang='lat' dir='ltr'><strong>sumni</strong></span> <span class='ocrx_word' id='word_1_67' title='bbox 260 1479 303 1540; x_wconf 89' lang='lat' dir='ltr'><strong>ita</strong></span> <span class='ocrx_word' id='word_1_68' title='bbox 330 1498 428 1558; x_wconf 88' lang='lat' dir='ltr'><strong>neque</strong></span> <span class='ocrx_word' id='word_1_69' title='bbox 454 1478 564 1558; x_wconf 89' lang='lat' dir='ltr'><strong>injuria</strong></span> <span class='ocrx_word' id='word_1_70' title='bbox 591 1477 752 1539; x_wconf 86' lang='lat' dir='ltr'><strong>Tredecim</strong></span> <span class='ocrx_word' id='word_1_71' title='bbox 773 1478 938 1559; x_wconf 86' lang='lat' dir='ltr'><strong>Oppidanis</strong></span> <span class='ocrx_word' id='word_1_72' title='bbox 959 1479 1149 1561; x_wconf 74' lang='lat' dir='ltr'><strong>Evangelicls</strong></span> 
     </span>
     <span class='ocr_line' id='line_1_11' title="bbox 125 1580 1095 1662; baseline -0.001 -19"><span class='ocrx_word' id='word_1_73' title='bbox 125 1580 294 1643; x_wconf 80' lang='lat' dir='ltr'><strong>identidem</strong></span> <span class='ocrx_word' id='word_1_74' title='bbox 313 1580 407 1655; x_wconf 63' lang='lat' dir='ltr'><strong>illata5</strong></span> <span class='ocrx_word' id='word_1_75' title='bbox 435 1580 514 1660; x_wconf 87' lang='lat' dir='ltr'><strong>juria</strong></span> <span class='ocrx_word' id='word_1_76' title='bbox 534 1582 630 1641; x_wconf 85' lang='lat' dir='ltr'><strong>vicem</strong></span> <span class='ocrx_word' id='word_1_77' title='bbox 650 1580 797 1642; x_wconf 84' lang='lat' dir='ltr'><strong>ullatenus</strong></span> <span class='ocrx_word' id='word_1_78' title='bbox 816 1582 966 1643; x_wconf 83' lang='lat' dir='ltr'><strong>sustinere</strong></span> <span class='ocrx_word' id='word_1_79' title='bbox 986 1588 1095 1662; x_wconf 84' lang='lat' dir='ltr'><strong>potest.</strong></span> 
     </span>
     <span class='ocr_line' id='line_1_12' title="bbox 82 1682 1149 1764; baseline 0.001 -20"><span class='ocrx_word' id='word_1_80' title='bbox 82 1684 89 1693; x_wconf 85' lang='grc'><em>“</em></span> <span class='ocrx_word' id='word_1_81' title='bbox 199 1682 202 1689; x_wconf 86' lang='lat'>&#39;</span> <span class='ocrx_word' id='word_1_82' title='bbox 214 1682 339 1743; x_wconf 81' lang='lat' dir='ltr'><strong>Praeter</strong></span> <span class='ocrx_word' id='word_1_83' title='bbox 352 1682 519 1742; x_wconf 89' lang='lat' dir='ltr'><strong>lntimatnm</strong></span> <span class='ocrx_word' id='word_1_84' title='bbox 529 1682 625 1743; x_wconf 88' lang='lat' dir='ltr'><strong>hocce</strong></span> <span class='ocrx_word' id='word_1_85' title='bbox 634 1683 662 1742; x_wconf 90' lang='lat' dir='ltr'><strong>d.</strong></span> <span class='ocrx_word' id='word_1_86' title='bbox 673 1682 724 1743; x_wconf 72' lang='lat'><strong>28.</strong></span> <span class='ocrx_word' id='word_1_87' title='bbox 734 1683 811 1761; x_wconf 83' lang='lat' dir='ltr'><strong>Aug.</strong></span> <span class='ocrx_word' id='word_1_88' title='bbox 823 1682 906 1744; x_wconf 70' lang='lat'><strong>1782</strong></span> <span class='ocrx_word' id='word_1_89' title='bbox 916 1702 1022 1764; x_wconf 89' lang='lat' dir='ltr'><strong>parum</strong></span> <span class='ocrx_word' id='word_1_90' title='bbox 1032 1682 1149 1745; x_wconf 79' lang='lat' dir='ltr'><strong>&#39;l&#39;rede-</strong></span> 
     </span>
     <span class='ocr_line' id='line_1_13' title="bbox 124 1782 1147 1864; baseline 0.003 -20"><span class='ocrx_word' id='word_1_91' title='bbox 124 1784 189 1855; x_wconf 82' lang='lat' dir='ltr'><strong>elm</strong></span> <span class='ocrx_word' id='word_1_92' title='bbox 203 1784 368 1864; x_wconf 81' lang='lat' dir='ltr'><strong>Oppidanis</strong></span> <span class='ocrx_word' id='word_1_93' title='bbox 381 1783 567 1863; x_wconf 82' lang='lat' dir='ltr'><strong>Evangelicia</strong></span> <span class='ocrx_word' id='word_1_94' title='bbox 590 1782 667 1842; x_wconf 89' lang='lat' dir='ltr'><strong>aliud</strong></span> <span class='ocrx_word' id='word_1_95' title='bbox 681 1783 862 1861; x_wconf 87' lang='lat' dir='ltr'><strong>lmperatum</strong></span> <span class='ocrx_word' id='word_1_96' title='bbox 879 1785 909 1843; x_wconf 88' lang='lat' dir='ltr'><strong>d.</strong></span> <span class='ocrx_word' id='word_1_97' title='bbox 926 1785 959 1844; x_wconf 88' lang='lat'><strong>4.</strong></span> <span class='ocrx_word' id='word_1_98' title='bbox 972 1782 1147 1847; x_wconf 68' lang='lat' dir='ltr'><strong>sulii-1783</strong></span> 
     </span>
     <span class='ocr_line' id='line_1_14' title="bbox 124 1884 1147 1965; baseline 0.001 -17"><span class='ocrx_word' id='word_1_99' title='bbox 124 1886 294 1960; x_wconf 66' lang='lat' dir='ltr'><strong>sdrldebst,</strong></span> <span class='ocrx_word' id='word_1_100' title='bbox 308 1904 366 1965; x_wconf 87' lang='lat' dir='ltr'><strong>quo</strong></span> <span class='ocrx_word' id='word_1_101' title='bbox 381 1890 483 1946; x_wconf 77' lang='lat' dir='ltr'><strong>coetus</strong></span> <span class='ocrx_word' id='word_1_102' title='bbox 498 1884 659 1945; x_wconf 83' lang='lat' dir='ltr'><strong>Tredecim</strong></span> <span class='ocrx_word' id='word_1_103' title='bbox 671 1884 818 1963; x_wconf 75' lang='lat' dir='ltr'><strong>Oppidani</strong></span> <span class='ocrx_word' id='word_1_104' title='bbox 828 1885 999 1965; x_wconf 81' lang='lat' dir='ltr'><strong>Evangelicl</strong></span> <span class='ocrx_word' id='word_1_105' title='bbox 1009 1887 1048 1947; x_wconf 90' lang='lat' dir='ltr'><strong>ad</strong></span> <span class='ocrx_word' id='word_1_106' title='bbox 1060 1892 1147 1949; x_wconf 87' lang='lat' dir='ltr'><strong>usam</strong></span> 
     </span>
     <span class='ocr_line' id='line_1_15' title="bbox 125 1984 1147 2069; baseline 0.001 -20"><span class='ocrx_word' id='word_1_107' title='bbox 125 1988 263 2069; x_wconf 70' lang='lat' dir='ltr'><strong>prusam</strong></span> <span class='ocrx_word' id='word_1_108' title='bbox 280 1988 396 2049; x_wconf 86' lang='lat' dir='ltr'><strong>rationo</strong></span> <span class='ocrx_word' id='word_1_109' title='bbox 411 1987 513 2057; x_wconf 89' lang='lat' dir='ltr'><strong>horae,</strong></span> <span class='ocrx_word' id='word_1_110' title='bbox 535 2004 593 2065; x_wconf 86' lang='lat' dir='ltr'><strong>qua</strong></span> <span class='ocrx_word' id='word_1_111' title='bbox 613 1984 710 2047; x_wconf 82' lang='lat' dir='ltr'><strong>cultus</strong></span> <span class='ocrx_word' id='word_1_112' title='bbox 723 1984 839 2047; x_wconf 89' lang='lat' dir='ltr'><strong>dlvinua</strong></span> <span class='ocrx_word' id='word_1_113' title='bbox 853 1995 1049 2067; x_wconf 77' lang='lat' dir='ltr'><strong>perageretur</strong></span> <span class='ocrx_word' id='word_1_114' title='bbox 1068 1990 1147 2050; x_wconf 85' lang='lat' dir='ltr'><strong>rele-</strong></span> 
     </span>
     <span class='ocr_line' id='line_1_16' title="bbox 126 2086 1148 2170; baseline 0.003 -22"><span class='ocrx_word' id='word_1_115' title='bbox 126 2088 254 2170; x_wconf 79' lang='lat' dir='ltr'><strong>gutur,</strong></span> <span class='ocrx_word' id='word_1_116' title='bbox 275 2106 315 2149; x_wconf 90' lang='lat' dir='ltr'><strong>ne</strong></span> <span class='ocrx_word' id='word_1_117' title='bbox 336 2089 442 2155; x_wconf 68' lang='lat' dir='ltr'><strong>danais</strong></span> <span class='ocrx_word' id='word_1_118' title='bbox 464 2091 495 2147; x_wconf 95' lang='lat' dir='ltr'><strong>in</strong></span> <span class='ocrx_word' id='word_1_119' title='bbox 516 2096 643 2167; x_wconf 84' lang='lat' dir='ltr'><strong>utroque</strong></span> <span class='ocrx_word' id='word_1_120' title='bbox 663 2086 790 2166; x_wconf 87' lang='lat' dir='ltr'><strong>Templo</strong></span> <span class='ocrx_word' id='word_1_121' title='bbox 810 2089 918 2149; x_wconf 85' lang='lat' dir='ltr'><strong>eodem</strong></span> <span class='ocrx_word' id='word_1_122' title='bbox 937 2095 1074 2169; x_wconf 88' lang='lat' dir='ltr'><strong>ternpore</strong></span> <span class='ocrx_word' id='word_1_123' title='bbox 1095 2092 1148 2151; x_wconf 80' lang='lat' dir='ltr'><strong>ola-</strong></span> 
     </span>
     <span class='ocr_line' id='line_1_17' title="bbox 128 2189 1149 2267; baseline -0.002 -14"><span class='ocrx_word' id='word_1_124' title='bbox 128 2190 246 2267; x_wconf 82' lang='lat' dir='ltr'><strong>euudla,</strong></span> <span class='ocrx_word' id='word_1_125' title='bbox 265 2189 444 2253; x_wconf 71' lang='lat' dir='ltr'><strong>famulitium</strong></span> <span class='ocrx_word' id='word_1_126' title='bbox 467 2189 653 2250; x_wconf 79' lang='lat' dir='ltr'><strong>catholicum</strong></span> <span class='ocrx_word' id='word_1_127' title='bbox 675 2209 693 2248; x_wconf 89' lang='lat' dir='ltr'><strong>a</strong></span> <span class='ocrx_word' id='word_1_128' title='bbox 714 2190 862 2251; x_wconf 81' lang='lat' dir='ltr'><strong>sacrificio</strong></span> <span class='ocrx_word' id='word_1_129' title='bbox 883 2192 973 2251; x_wconf 85' lang='lat' dir='ltr'><strong>missa</strong></span> <span class='ocrx_word' id='word_1_130' title='bbox 993 2192 1149 2252; x_wconf 86' lang='lat' dir='ltr'><strong>abstraha-</strong></span> 
     </span>
     <span class='ocr_line' id='line_1_18' title="bbox 127 2290 1148 2355; baseline 0 -2"><span class='ocrx_word' id='word_1_131' title='bbox 127 2298 192 2353; x_wconf 85' lang='lat' dir='ltr'><strong>tur.</strong></span> <span class='ocrx_word' id='word_1_132' title='bbox 210 2290 609 2355; x_wconf 81' lang='lat' dir='ltr'><strong>Gateuuminoommodonrm</strong></span> <span class='ocrx_word' id='word_1_133' title='bbox 617 2290 724 2351; x_wconf 87' lang='lat' dir='ltr'><strong>horum</strong></span> <span class='ocrx_word' id='word_1_134' title='bbox 731 2291 831 2353; x_wconf 85' lang='lat' dir='ltr'><strong>multia</strong></span> <span class='ocrx_word' id='word_1_135' title='bbox 844 2292 997 2353; x_wconf 77' lang='lat' dir='ltr'><strong>acaeaara</strong></span> <span class='ocrx_word' id='word_1_136' title='bbox 1007 2293 1148 2353; x_wconf 85' lang='lat' dir='ltr'><strong>cumulati</strong></span> 
     </span>
     <span class='ocr_line' id='line_1_19' title="bbox 128 2392 1126 2474; baseline -0.002 -17"><span class='ocrx_word' id='word_1_137' title='bbox 128 2394 286 2457; x_wconf 80' lang='lat' dir='ltr'><strong>beuellclls</strong></span> <span class='ocrx_word' id='word_1_138' title='bbox 304 2394 395 2455; x_wconf 82' lang='lat' dir='ltr'><strong>facile</strong></span> <span class='ocrx_word' id='word_1_139' title='bbox 415 2393 502 2454; x_wconf 87' lang='lat' dir='ltr'><strong>obliti</strong></span> <span class='ocrx_word' id='word_1_140' title='bbox 522 2392 762 2455; x_wconf 85' lang='lat' dir='ltr'><strong>suntTredecim</strong></span> <span class='ocrx_word' id='word_1_141' title='bbox 782 2392 930 2473; x_wconf 81' lang='lat' dir='ltr'><strong>Oppidani</strong></span> <span class='ocrx_word' id='word_1_142' title='bbox 942 2395 1126 2474; x_wconf 78' lang='lat' dir='ltr'><strong>Evangelici.</strong></span> 
     </span>
     <span class='ocr_line' id='line_1_20' title="bbox 214 2480 1152 2577; baseline -0.005 -16"><span class='ocrx_word' id='word_1_143' title='bbox 214 2494 315 2563; x_wconf 81' lang='lat' dir='ltr'><strong>Unum</strong></span> <span class='ocrx_word' id='word_1_144' title='bbox 335 2503 436 2558; x_wconf 89' lang='lat' dir='ltr'><strong>tamen</strong></span> <span class='ocrx_word' id='word_1_145' title='bbox 456 2502 541 2571; x_wconf 76' lang='lat' dir='ltr'><strong>erat,</strong></span> <span class='ocrx_word' id='word_1_146' title='bbox 574 2497 660 2577; x_wconf 84' lang='lat' dir='ltr'><strong>cujus</strong></span> <span class='ocrx_word' id='word_1_147' title='bbox 682 2497 871 2557; x_wconf 88' lang='lat' dir='ltr'><strong>amissionem</strong></span> <span class='ocrx_word' id='word_1_148' title='bbox 890 2480 1071 2577; x_wconf 72' lang='lat' dir='ltr'><strong>magnopere</strong></span> <span class='ocrx_word' id='word_1_149' title='bbox 1094 2482 1152 2556; x_wconf 55' lang='lat' dir='ltr'><strong>doss</strong></span> 
     </span>
     <span class='ocr_line' id='line_1_21' title="bbox 126 2596 1146 2680; baseline -0.002 -19"><span class='ocrx_word' id='word_1_150' title='bbox 126 2598 246 2674; x_wconf 77' lang='lat' dir='ltr'><strong>lebaut3</strong></span> <span class='ocrx_word' id='word_1_151' title='bbox 275 2596 404 2680; x_wconf 71' lang='lat' dir='ltr'><strong>Scripta</strong></span> <span class='ocrx_word' id='word_1_152' title='bbox 431 2596 623 2657; x_wconf 77' lang='lat' dir='ltr'><strong>Vmorienaa’o</strong></span> <span class='ocrx_word' id='word_1_153' title='bbox 643 2598 786 2677; x_wconf 86' lang='lat' dir='ltr'><strong>intelligo.</strong></span> <span class='ocrx_word' id='word_1_154' title='bbox 830 2597 1013 2659; x_wconf 83' lang='lat' dir='ltr'><strong>Fraternltas</strong></span> <span class='ocrx_word' id='word_1_155' title='bbox 1035 2599 1146 2679; x_wconf 87' lang='lat' dir='ltr'><strong>quippe</strong></span> 
     </span>
     <span class='ocr_line' id='line_1_22' title="bbox 125 2682 1147 2781; baseline -0.002 -18"><span class='ocrx_word' id='word_1_156' title='bbox 125 2698 243 2781; x_wconf 81' lang='lat' dir='ltr'><strong>Vlglutl</strong></span> <span class='ocrx_word' id='word_1_157' title='bbox 271 2682 406 2778; x_wconf 72' lang='lat' dir='ltr'><strong>Qdatnor</strong></span> <span class='ocrx_word' id='word_1_158' title='bbox 434 2698 590 2779; x_wconf 83' lang='lat' dir='ltr'><strong>Regalinm</strong></span> <span class='ocrx_word' id='word_1_159' title='bbox 626 2698 839 2774; x_wconf 69' lang='lat' dir='ltr'><strong>plebanorum,</strong></span> <span class='ocrx_word' id='word_1_160' title='bbox 875 2700 1006 2761; x_wconf 80' lang='lat' dir='ltr'><strong>hahebat</strong></span> <span class='ocrx_word' id='word_1_161' title='bbox 1033 2700 1147 2780; x_wconf 82' lang='lat' dir='ltr'><strong>scripta</strong></span> 
     </span>
     <span class='ocr_line' id='line_1_23' title="bbox 125 2796 1145 2884; baseline -0.001 -22"><span class='ocrx_word' id='word_1_162' title='bbox 125 2802 274 2882; x_wconf 75' lang='lat' dir='ltr'><strong>quaedam</strong></span> <span class='ocrx_word' id='word_1_163' title='bbox 294 2832 338 2845; x_wconf 92' lang='lat'><em>-</em></span> <span class='ocrx_word' id='word_1_164' title='bbox 365 2798 492 2875; x_wconf 78' lang='lat' dir='ltr'><strong>Literna,</strong></span> <span class='ocrx_word' id='word_1_165' title='bbox 513 2800 656 2861; x_wconf 80' lang='lat' dir='ltr'><strong>Actorum</strong></span> <span class='ocrx_word' id='word_1_166' title='bbox 678 2797 912 2860; x_wconf 78' lang='lat' dir='ltr'><strong>Commentarios</strong></span> <span class='ocrx_word' id='word_1_167' title='bbox 931 2796 1145 2884; x_wconf 87' lang='lat' dir='ltr'><strong>(Matrlculas)‚</strong></span> 
     </span>
     <span class='ocr_line' id='line_1_24' title="bbox 127 2901 1147 2981; baseline -0.002 -16"><span class='ocrx_word' id='word_1_168' title='bbox 127 2902 321 2977; x_wconf 63' lang='lat' dir='ltr'><strong>momenta,</strong></span> <span class='ocrx_word' id='word_1_169' title='bbox 342 2901 501 2981; x_wconf 85' lang='lat' dir='ltr'><strong>Privilegls</strong></span> <span class='ocrx_word' id='word_1_170' title='bbox 529 2932 572 2947; x_wconf 94' lang='lat'><strong>·-</strong></span> <span class='ocrx_word' id='word_1_171' title='bbox 602 2901 792 2981; x_wconf 86' lang='lat' dir='ltr'><strong>quaepnlsis</strong></span> <span class='ocrx_word' id='word_1_172' title='bbox 814 2903 1045 2963; x_wconf 75' lang='lat' dir='ltr'><strong>anno1ou4in</strong></span> <span class='ocrx_word' id='word_1_173' title='bbox 1067 2904 1147 2963; x_wconf 80' lang='lat' dir='ltr'><strong>exsi-</strong></span> 
     </span>
     <span class='ocr_line' id='line_1_25' title="bbox 126 2986 1146 3084; baseline -0.004 -15"><span class='ocrx_word' id='word_1_174' title='bbox 126 2986 386 3069; x_wconf 69' lang='lat' dir='ltr'><strong>llum&#39;Tredecim</strong></span> <span class='ocrx_word' id='word_1_175' title='bbox 405 3003 570 3084; x_wconf 72' lang='lat' dir='ltr'><strong>oppidania</strong></span> <span class='ocrx_word' id='word_1_176' title='bbox 591 3002 781 3079; x_wconf 80' lang='lat' dir='ltr'><strong>Pastoribua‚</strong></span> <span class='ocrx_word' id='word_1_177' title='bbox 812 3010 844 3064; x_wconf 86' lang='lat' dir='ltr'><strong>et</strong></span> <span class='ocrx_word' id='word_1_178' title='bbox 872 3005 957 3064; x_wconf 81' lang='lat' dir='ltr'><strong>bonis</strong></span> <span class='ocrx_word' id='word_1_179' title='bbox 985 3023 1088 3064; x_wconf 88' lang='lat' dir='ltr'><strong>eorum</strong></span> <span class='ocrx_word' id='word_1_180' title='bbox 1114 3006 1146 3065; x_wconf 90' lang='lat' dir='ltr'><strong>in</strong></span> 
     </span>
     <span class='ocr_line' id='line_1_26' title="bbox 127 3103 1147 3189; baseline 0.001 -22"><span class='ocrx_word' id='word_1_181' title='bbox 127 3106 280 3189; x_wconf 87' lang='lat' dir='ltr'><strong>publicum</strong></span> <span class='ocrx_word' id='word_1_182' title='bbox 301 3105 441 3180; x_wconf 76' lang='lat' dir='ltr'><strong>addictis,</strong></span> <span class='ocrx_word' id='word_1_183' title='bbox 464 3103 698 3184; x_wconf 77' lang='lat' dir='ltr'><strong>christophorus</strong></span> <span class='ocrx_word' id='word_1_184' title='bbox 719 3104 841 3180; x_wconf 79' lang='lat' dir='ltr'><strong>Kleach,</strong></span> <span class='ocrx_word' id='word_1_185' title='bbox 864 3103 1147 3185; x_wconf 86' lang='lat' dir='ltr'><strong>Georgio-lllonta·</strong></span> 
     </span>
     <span class='ocr_line' id='line_1_27' title="bbox 126 3206 1147 3283; baseline -0.001 -12"><span class='ocrx_word' id='word_1_186' title='bbox 126 3226 187 3271; x_wconf 86' lang='lat' dir='ltr'><strong>uus</strong></span> <span class='ocrx_word' id='word_1_187' title='bbox 206 3208 333 3283; x_wconf 77' lang='lat' dir='ltr'><strong>Pastor,</strong></span> <span class='ocrx_word' id='word_1_188' title='bbox 354 3207 562 3268; x_wconf 81' lang='lat' dir='ltr'><strong>Fraternitstis</strong></span> <span class='ocrx_word' id='word_1_189' title='bbox 584 3207 742 3282; x_wconf 76' lang='lat' dir='ltr'><strong>Notarius,</strong></span> <span class='ocrx_word' id='word_1_190' title='bbox 763 3208 794 3266; x_wconf 91' lang='lat' dir='ltr'><strong>in</strong></span> <span class='ocrx_word' id='word_1_191' title='bbox 816 3206 1005 3267; x_wconf 79' lang='lat' dir='ltr'><strong>Germaniam</strong></span> <span class='ocrx_word' id='word_1_192' title='bbox 1026 3206 1147 3270; x_wconf 85' lang='lat' dir='ltr'><strong>devexit</strong></span> 
     </span>
     <span class='ocr_line' id='line_1_28' title="bbox 128 3302 1147 3390; baseline -0.002 -17"><span class='ocrx_word' id='word_1_193' title='bbox 128 3316 164 3373; x_wconf 89' lang='lat' dir='ltr'><strong>et</strong></span> <span class='ocrx_word' id='word_1_194' title='bbox 183 3326 260 3373; x_wconf 88' lang='lat' dir='ltr'><strong>auno</strong></span> <span class='ocrx_word' id='word_1_195' title='bbox 281 3310 365 3371; x_wconf 67' lang='lat' dir='ltr'><strong>lucu</strong></span> <span class='ocrx_word' id='word_1_196' title='bbox 385 3308 553 3371; x_wconf 88' lang='lat' dir='ltr'><strong>Vinarienai</strong></span> <span class='ocrx_word' id='word_1_197' title='bbox 575 3308 680 3369; x_wconf 88' lang='lat' dir='ltr'><strong>Duoali</strong></span> <span class='ocrx_word' id='word_1_198' title='bbox 701 3302 906 3373; x_wconf 83' lang='lat' dir='ltr'><strong>Bibliothecae</strong></span> <span class='ocrx_word' id='word_1_199' title='bbox 937 3330 974 3371; x_wconf 89' lang='lat' dir='ltr'><strong>ea</strong></span> <span class='ocrx_word' id='word_1_200' title='bbox 1004 3310 1072 3390; x_wconf 86' lang='lat' dir='ltr'><strong>lege</strong></span> <span class='ocrx_word' id='word_1_201' title='bbox 1099 3311 1147 3371; x_wconf 89' lang='lat' dir='ltr'><strong>in-</strong></span> 
     </span>
     <span class='ocr_line' id='line_1_29' title="bbox 84 3410 1146 3493; baseline -0.002 -18"><span class='ocrx_word' id='word_1_202' title='bbox 84 3482 88 3489; x_wconf 49' lang='lat'><em>,</em></span> <span class='ocrx_word' id='word_1_203' title='bbox 126 3410 208 3487; x_wconf 77' lang='lat' dir='ltr'><strong>sulit,</strong></span> <span class='ocrx_word' id='word_1_204' title='bbox 226 3420 261 3474; x_wconf 91' lang='lat' dir='ltr'><strong>ut</strong></span> <span class='ocrx_word' id='word_1_205' title='bbox 281 3413 309 3474; x_wconf 90' lang='lat' dir='ltr'><strong>sl</strong></span> <span class='ocrx_word' id='word_1_206' title='bbox 330 3413 447 3492; x_wconf 62' lang='lat' dir='ltr'><strong>mando</strong></span> <span class='ocrx_word' id='word_1_207' title='bbox 467 3412 503 3472; x_wconf 89' lang='lat' dir='ltr'><strong>in·</strong></span> <span class='ocrx_word' id='word_1_208' title='bbox 519 3412 671 3493; x_wconf 83' lang='lat' dir='ltr'><strong>Hungaria</strong></span> <span class='ocrx_word' id='word_1_209' title='bbox 691 3410 828 3472; x_wconf 79' lang='lat' dir='ltr'><strong>feliciora</strong></span> <span class='ocrx_word' id='word_1_210' title='bbox 849 3419 983 3490; x_wconf 87' lang='lat' dir='ltr'><strong>tempora</strong></span> <span class='ocrx_word' id='word_1_211' title='bbox 1002 3412 1146 3488; x_wconf 74' lang='lat' dir='ltr'><strong>redirent,</strong></span> 
     </span>
     <span class='ocr_line' id='line_1_30' title="bbox 127 3512 1145 3593; baseline -0.002 -16"><span class='ocrx_word' id='word_1_212' title='bbox 127 3514 321 3577; x_wconf 82' lang='lat' dir='ltr'><strong>Fraternitatl</strong></span> <span class='ocrx_word' id='word_1_213' title='bbox 351 3514 554 3573; x_wconf 84' lang='lat' dir='ltr'><strong>restituantur.</strong></span> <span class='ocrx_word' id='word_1_214' title='bbox 617 3512 702 3571; x_wconf 88' lang='lat' dir='ltr'><strong>Haeo</strong></span> <span class='ocrx_word' id='word_1_215' title='bbox 729 3514 820 3592; x_wconf 86' lang='lat' dir='ltr'><strong>igitur</strong></span> <span class='ocrx_word' id='word_1_216' title='bbox 847 3515 957 3593; x_wconf 79' lang='lat' dir='ltr'><strong>scripta</strong></span> <span class='ocrx_word' id='word_1_217' title='bbox 988 3514 1145 3576; x_wconf 86' lang='lat' dir='ltr'><strong>Nostrates</strong></span> 
     </span>
     <span class='ocr_line' id='line_1_31' title="bbox 126 3613 1145 3696; baseline -0.002 -18"><span class='ocrx_word' id='word_1_218' title='bbox 126 3634 207 3679; x_wconf 87' lang='lat' dir='ltr'><strong>anuo</strong></span> <span class='ocrx_word' id='word_1_219' title='bbox 229 3613 312 3677; x_wconf 65' lang='grc'><strong>1115</strong></span> <span class='ocrx_word' id='word_1_220' title='bbox 332 3620 556 3692; x_wconf 78' lang='lat' dir='ltr'><strong>recuperarunt,</strong></span> <span class='ocrx_word' id='word_1_221' title='bbox 578 3619 611 3675; x_wconf 88' lang='lat' dir='ltr'><strong>et</strong></span> <span class='ocrx_word' id='word_1_222' title='bbox 630 3615 661 3673; x_wconf 91' lang='lat' dir='ltr'><strong>in</strong></span> <span class='ocrx_word' id='word_1_223' title='bbox 681 3613 786 3675; x_wconf 89' lang='lat' dir='ltr'><strong>Monte</strong></span> <span class='ocrx_word' id='word_1_224' title='bbox 807 3614 910 3676; x_wconf 82' lang='lat' dir='ltr'><strong>Sancti</strong></span> <span class='ocrx_word' id='word_1_225' title='bbox 931 3615 1054 3696; x_wconf 79' lang='lat' dir='ltr'><strong>Georgii</strong></span> <span class='ocrx_word' id='word_1_226' title='bbox 1066 3634 1145 3676; x_wconf 86' lang='lat' dir='ltr'><strong>¹con·</strong></span> 
     </span>
     <span class='ocr_line' id='line_1_32' title="bbox 126 3714 1144 3793; baseline -0.003 -13"><span class='ocrx_word' id='word_1_227' title='bbox 126 3722 293 3780; x_wconf 75' lang='lat' dir='ltr'><strong>summunt.</strong></span> <span class='ocrx_word' id='word_1_228' title='bbox 359 3714 505 3776; x_wconf 84' lang='lat' dir='ltr'><strong>Oetennio</strong></span> <span class='ocrx_word' id='word_1_229' title='bbox 537 3714 639 3793; x_wconf 88' lang='lat' dir='ltr'><strong>elapso</strong></span> <span class='ocrx_word' id='word_1_230' title='bbox 672 3715 777 3776; x_wconf 79' lang='lat' dir='ltr'><strong>clerus</strong></span> <span class='ocrx_word' id='word_1_231' title='bbox 808 3714 1144 3778; x_wconf 75' lang='lat' dir='ltr'><strong>Romano-Catholicae</strong></span> 
     </span>
     <span class='ocr_line' id='line_1_33' title="bbox 126 3814 1146 3901; baseline -0.005 -19"><span class='ocrx_word' id='word_1_232' title='bbox 126 3818 412 3883; x_wconf 81' lang='lat' dir='ltr'><strong>Admlrdstratorem</strong></span> <span class='ocrx_word' id='word_1_233' title='bbox 444 3816 616 3876; x_wconf 81' lang='lat' dir='ltr'><strong>Provinciae</strong></span> <span class='ocrx_word' id='word_1_234' title='bbox 647 3814 785 3901; x_wconf 78' lang='lat' dir='ltr'><strong>Sedecim</strong></span> <span class='ocrx_word' id='word_1_235' title='bbox 818 3815 1000 3894; x_wconf 82' lang='lat' dir='ltr'><strong>oppidorum</strong></span> <span class='ocrx_word' id='word_1_236' title='bbox 1032 3816 1146 3894; x_wconf 84' lang='lat' dir='ltr'><strong>Scepn-</strong></span> 
     </span>
     <span class='ocr_line' id='line_1_34' title="bbox 127 3916 1144 4001; baseline -0.005 -18"><span class='ocrx_word' id='word_1_237' title='bbox 127 3918 275 3983; x_wconf 81' lang='lat' dir='ltr'><strong>sl&#39;enslum</strong></span> <span class='ocrx_word' id='word_1_238' title='bbox 296 3919 539 4001; x_wconf 36' lang='lat' dir='ltr'><strong>sollicitabatlnt</strong></span> <span class='ocrx_word' id='word_1_239' title='bbox 558 3917 670 3995; x_wconf 82' lang='lat' dir='ltr'><strong>scripta</strong></span> <span class='ocrx_word' id='word_1_240' title='bbox 689 3918 740 3979; x_wconf 86' lang='lat' dir='ltr'><strong>illa</strong></span> <span class='ocrx_word' id='word_1_241' title='bbox 766 3951 810 3963; x_wconf 88' lang='lat'><strong>-</strong></span> <span class='ocrx_word' id='word_1_242' title='bbox 837 3938 913 3998; x_wconf 80' lang='lat' dir='ltr'><strong>qnae</strong></span> <span class='ocrx_word' id='word_1_243' title='bbox 939 3916 1069 3979; x_wconf 86' lang='lat' dir='ltr'><strong>ad&#39;Jura</strong></span> <span class='ocrx_word' id='word_1_244' title='bbox 1089 3917 1144 3978; x_wconf 79' lang='lat' dir='ltr'><strong>Pa-</strong></span> 
     </span>
     <span class='ocr_line' id='line_1_35' title="bbox 128 4018 1143 4087; baseline -0.006 0"><span class='ocrx_word' id='word_1_245' title='bbox 128 4023 299 4087; x_wconf 78' lang='lat' dir='ltr'><strong>uoclularum</strong></span> <span class='ocrx_word' id='word_1_246' title='bbox 330 4028 362 4084; x_wconf 85' lang='lat' dir='ltr'><strong>ct</strong></span> <span class='ocrx_word' id='word_1_247' title='bbox 387 4020 593 4083; x_wconf 78' lang='lat' dir='ltr'><strong>Ecclesiamm</strong></span> <span class='ocrx_word' id='word_1_248' title='bbox 621 4038 740 4081; x_wconf 78' lang='lat' dir='ltr'><strong>auarum</strong></span> <span class='ocrx_word' id='word_1_249' title='bbox 761 4019 882 4083; x_wconf 89' lang='lat' dir='ltr'><strong>tutanda</strong></span> <span class='ocrx_word' id='word_1_250' title='bbox 902 4018 1025 4080; x_wconf 87' lang='lat' dir='ltr'><strong>multum</strong></span> <span class='ocrx_word' id='word_1_251' title='bbox 1045 4018 1143 4081; x_wconf 68' lang='lat' dir='ltr'><strong>talete</strong></span> 
     </span>
     <span class='ocr_line' id='line_1_36' title="bbox 874 4116 943 4181; baseline -0.014 0"><span class='ocrx_word' id='word_1_252' title='bbox 874 4116 943 4181; x_wconf 75' lang='lat'><strong>15*</strong></span> 
     </span>
    </p>
   </div>
   <div class='ocr_carea' id='block_1_4' title="bbox 0 0 1276 4694">
    <p class='ocr_par' dir='ltr' id='par_1_5' title="bbox 0 0 1276 4694">
     <span class='ocr_line' id='line_1_37' title="bbox 0 0 1276 4694; baseline 0 0"><span class='ocrx_word' id='word_1_253' title='bbox 0 0 1276 4694; x_wconf 95' lang='lat' dir='ltr'><strong> </strong></span> 
     </span>
    </p>
   </div>
  </div>
 </body>
</html>
