2542 4702
123 519 364 617 'numne
382 552 452 597 cum
471 534 621 597 sententia
639 534 775 611 diceret,
804 552 864 595 non
893 532 1057 597 secuudum
1076 534 1202 619 sllegats

94 639 95 682 Τ
139 641 200 701 et
246 636 392 719 probata,
422 634 479 698 sed
506 636 672 697 secundum
692 635 912 697 conscientium.
955 636 1097 718 Imposito
1115 658 1203 721 prae-

138 742 270 801 sexu
296 738 392 800 hocce
410 736 550 811 nesorio,
571 736 775 798 condemnatis
797 736 968 799 Pastoribus
989 738 1128 815 silentio,
1150 759 1203 824 op-

94 843 95 885 ῑ
140 838 220 903 tto
257 838 400 914 dsbstur,
433 839 482 900 vel
501 858 597 919 regno
629 838 795 917 quindecim
825 839 940 900 dierum
968 840 1123 903 intervallo
1142 862 1201 904 una

143 960 253 1003 cam
272 940 385 1003 [nmilia
405 940 557 1021 rebusque
578 940 767 1013 ercedcndi,
789 941 855 1016 vel,
877 942 903 1001 si
923 942 955 1001 in
975 939 1121 1024 Scepusio
1141 964 1203 1005 ma-

94 1039 95 1073 l
147 1060 260 1103 uere
279 1042 413 1117 mellent,
438 1042 637 1122 stipulatione
658 1037 1018 1128 scripta(llerersnlibus)
1032 1045 1204 1125 polliceudi,

94 1119 95 1207 l
150 1144 307 1223 pund
285 1164 392 1207 munus
413 1144 654 1205 Sacerdotsle
626 1164 761 1225 eJurure‚
791 1143 913 1206 (laesurl
933 1145 1040 1207 ildeles
1062 1167 1151 1223 esse,
1172 1156 1204 1211 et

152 1244 420 1307 sdversariorum
440 1246 590 1307 molimina
610 1254 779 1326 comperta,
810 1246 954 1327 detegere
973 1248 1075 1310 velint.
1126 1250 1203 1329 Quia

110 1361 258 1409 uero
287 1348 503 1410 conditionibus
534 1348 620 1409 bisce
649 1348 838 1409 subscribere
867 1356 1060 1424 recusarunt,
1092 1351 1151 1413 lbts
1171 1352 1203 1414 in

159 1464 239 1509 eos
261 1450 410 1511 amomo·
437 1448 653 1511 stabilicbstur.
706 1449 814 1511 Comes
836 1448 997 1511 Tredccim
1018 1451 1203 1532 0ppidorum

162 1544 368 1631 vagorum
394 1550 512 1626 crebri,
542 1556 576 1611 ut
604 1552 825 1612 exsecutionem
850 1552 977 1627 ludicii,
1007 1574 1101 1635 usque
1134 1556 1205 1617 dum

163 1664 278 1713 causa
296 1651 498 1731 appellaretur
517 1650 556 1711 ad
577 1651 763 1731 Principem,
787 1652 950 1714 differrent.
1005 1654 1067 1715 Sed
1089 1654 1205 1717 Suclro-

166 1746 286 1815 dolsll
305 1772 442 1827 ornnem,
475 1753 512 1813 ad
538 1752 674 1813 ludicem
704 1754 866 1833 superioris
888 1755 1000 1816 ordinis
1021 1760 1206 1837 provocatio-

168 1866 258 1917 nem
277 1854 441 1935 denegans,
463 1856 618 1933 lltrsonJo
637 1862 817 1935 potestatem
837 1855 923 1929 fecit,
944 1860 1102 1939 evestigio
1113 1858 1204 1921 Τει-

171 1948 236 2031 pla
256 1956 460 2019 iu'l'redecim
481 1956 608 2037 oppidis
629 1956 800 2036 occupandi.
842 1956 996 2019 Facultste
1016 1960 1110 2021 hacce
1129 1980 1202 2024 usus

94 2085 99 2098 ·
129 2050 388 2148 Prucpoaitus,
408 2060 492 2139 prius
514 2078 602 2138 quam
621 2058 765 2138 Princeps
791 2060 902 2138 scripto
923 2062 1100 2122 sententiam
1121 2082 1204 2124 suam

94 2178 111 2219 ι
151 2160 343 2234 iper-iret,
364 2160 414 2221 die
433 2160 523 2223 tertie
542 2160 619 2241 Mnji
640 2160 832 2236 Vtrulicuse,
857 2162 1083 2242 insequentibus
1104 2171 1203 2225 autem

98 2275 121 2340 pt
185 2252 296 2324 liebus
324 2262 441 2343 relique
470 2262 631 2325 'Predecim
658 2262 814 2343 Oppidana
830 2262 987 2343 Templa'
978 2285 1009 2326 ιιι
1030 2285 1113 2327 suam
1133 2266 1203 2327 red-

104 2377 129 2415 u
195 2360 255 2437 ‘fill
280 2368 483 2445 potestubem,
525 2366 567 2427 ita
597 2370 631 2425 ut
659 2364 1042 2446 usque13.Majiomnia
1068 2386 1203 2447 compre-

109 2457 137 2513 't
200 2456 347 2527 luderet.
396 2466 557 2528 'l'redecim
578 2466 764 2548 Oppidorum
783 2465 921 2541 lncolse,
954 2488 1067 2529 summo
1087 2476 1203 2531 terrore

115 2558 137 2607 *
200 2566 343 2643 mulsi,
373 2566 412 2629 sd
431 2567 599 2649 Principem
621 2567 810 2628 bubumirski
837 2566 939 2631 dieb.
959 2566 1036 2649 Meji
1056 2571 1139 2631 1674
1159 2570 1204 2633 le·

122 2644 137 2743 ,ὖ
199 2670 277 2745 gulos
295 2670 418 2743 mttere,
439 2670 491 2749 qui
509 2668 686 2749 ll'agltarent,
708 2672 740 2729 ut
761 2666 927 2748 Templo”
907 2688 943 2730 us
965 2671 1203 2745 restituerentur,

198 2774 228 2831 ct
244 2768 321 2831 liber
341 2790 492 2831 sacrorum
510 2790 583 2831 usus
603 2770 720 2851 integer
739 2775 917 2831 servaretur.
979 2771 1119 2835 Attamen
1138 2775 1204 2835 runi

194 2868 315 2933 fuerunt
334 2878 467 2934 conotus.
508 2872 655 2952 Princeps
686 2872 765 2932 enim
785 2870 916 2932 condidit
943 2871 1113 2948 decretum,
1147 2895 1204 2955 quo

192 2972 449 3055 Pretoresllegno
464 2981 597 3035 extorres
619 2993 686 3034 esse
697 2972 889 3054 jubebuntur,
910 2973 987 3035 bona
1010 2994 1082 3036 vero
1103 2994 1205 3037 eorum

190 3076 225 3139 iu
243 3074 395 3157 publicum
414 3076 512 3137 addici
533 3076 798 3155 praecipiebantur.
819 3073 941 3155 Legatis
962 3074 1122 3137 Tredecim
1144 3076 1205 3157 0p-

189 3178 312 3263 pidsnis
331 3178 409 3239 viam
428 3176 467 3238 ad
486 3178 650 3257 principem
670 3164 829 3256 ingressis,
861 3176 1000 3239 Pastores
1022 3177 1206 3238 condemnati

190 3280 224 3343 iu
245 3279 387 3341 Formula
407 3278 596 3358 Apoclnrum
619 3274 853 3361 (Reversalium)
874 3278 911 3338 iis
934 3278 1072 3354 exhibita,
1093 3280 1120 3340 si
1141 3298 1206 3340 eam

191 3382 356 3445 monam
377 3389 571 3461 cogerentur,
601 3379 796 3455 emolliendo,
836 3380 1029 3460 omnibusque
1051 3380 1132 3443 duris
1162 3380 1207 3442 lo·

192 3482 307 3564 queudi
338 3480 495 3556 formulis,
532 3482 564 3541 in
592 3500 665 3561 quas
698 3479 868 3542 consentire
896 3480 982 3540 nefas
1014 3487 1047 3541 et
1084 3482 1207 3562 impium

191 3584 296 3659 foret,
323 3600 361 3643 ex
390 3602 426 3644 ea
454 3581 657 3657 removendis,
692 3581 871 3641 laborabant.
940 3580 1098 3643 Periodum
1128 3585 1207 3643 enim

192 3690 284 3759 cam,
304 3702 384 3764 quae
400 3682 612 3764 perduellionis
633 3682 850 3744 confessionem
872 3684 1061 3763 continebat,
1090 3685 1133 3745 ita
1152 3684 1207 3743 im·

194 3790 364 3849 mourut:
414 3783 639 3864 „Intelligcutos
680 3782 790 3843 Socrae
829 3783 995 3845 creauere
1028 3784 1207 3863 JRegiacque

199 3886 368 3968 llsjestctis
387 3885 593 3959 intentionem,
613 3884 786 3945 resolvimus
801 3878 864 3944 Nus
885 3884 1051 3945 accedente
1065 3884 1207 3946 Illustris-

207 3988 267 4051 dmi
286 3992 319 4049 et
337 3986 589 4049 Excellentisslmi
612 3984 761 4066 Principia
771 4027 784 4058 ,
815 4004 850 4045 oc
877 3983 997 4045 llomiui
1022 3984 1115 4045 nostri
1138 4002 1208 4043 con-

934 4082 1007 4144 11*
