2542 4702
538 381 602 442 201

64 567 194 641 babent,
215 568 304 628 etiam
322 565 561 628 consolationem
583 566 745 646 specialem
766 583 804 626 ex
823 562 926 627 Verbo
947 564 1003 627 lici
1023 584 1077 646 pe·

19 694 22 699 ¹
62 673 136 729 taut
180 666 285 749 Tertio
305 673 340 728 ut
359 667 483 747 sirrgniis
505 660 632 728 seorsim
653 666 845 727 absolutionis
863 644 1085 729 sacramentum·

62 769 260 848 impertiatur.
319 746 562 848 Superstitiosam
594 773 691 829 autem
723 767 852 827 omnium
886 773 1077 847 peccatorum

63 871 315 932 enumerationem
354 889 413 930 non
444 889 513 931 csse
546 871 743 930 necessariam
774 870 925 941 tradimur.
976 853 1075 931 Primo

63 973 144 1033 enim
175 978 223 1034 eat
251 971 442 1052 impossibilis
468 971 554 1052 Juxta
584 970 671 1031 iliud:
700 970 816 1031 Deiicte
843 971 908 1050 quia
929 969 1074 1050 inteliigit.

63 1071 181 1134 Deinde
209 1073 288 1152 quod
318 1073 455 1135 remissio
476 1076 666 1152 peccatorum
687 1089 747 1132 uon
765 1049 877 1152 pendet¹
897 1091 935 1132 ex
956 1088 1074 1132 enume-

10 1194 16 1247 ’,
63 1174 178 1235 ratione
191 1191 303 1248 eorum,
324 1173 379 1234 sed
395 1192 433 1233 ex
451 1172 548 1233 diviua
561 1170 809 1233 misericordia'ct
823 1174 937 1234 meritis
953 1171 1075 1249 Christi,

64 1280 192 1354 propter
219 1294 295 1354 quae
325 1274 518 1354 Evangeiium
547 1275 635 1336 effert
661 1274 865 1335 remissionem
885 1279 1074 1353 pcccatorum
1165 1317 1168 1321 -

10 1360 37 1469 i'
64 1375 197 1435 omnibus
229 1377 384 1454 egentibus
410 1375 631 1455 poenitentiam.
684 1374 783 1454 Magis
806 1380 903 1434 antem
922 1374 1074 1435 hortamur

10 1476 22 1573 f
62 1476 204 1557 populum
233 1478 271 1537 ad
299 1474 443 1556 agendam
473 1474 700 1556 poenitentiam,
734 1482 766 1536 et
793 1474 1072 1556 apprehendendum

10 1526 27 1669 s
61 1576 255 1657 uvmgcuum
281 1578 358 1652 nnc,
389 1596 476 1656 quam
505 1579 544 1638 ad
572 1576 785 1657 impossibilem
807 1582 838 1637 et
858 1594 915 1637 non
936 1595 1073 1637 necessa-

10 1676 27 1787 i·
60 1680 135 1739 riam
156 1680 421 1757 enumerationem.
435 1680 564 1740 omnium
592 1666 797 1758 peccatorum,
810 1680 813 1693 '
827 1697 866 1740 ne
886 1677 983 1757 laquei
1004 1697 1075 1769 con-¹

61 1780 196 1842 scientiis
215 1779 395 1859 injiciantur.

377 2032 440 2096 XII.
472 2033 521 2097 Do
544 2033 746 2097 Paenitentia.
781 2088 783 2097 .

146 2186 303 2248 Caeterum
333 2193 480 2267 perpetuo
495 2253 497 2256 ,
510 2207 651 2268 urgemus
680 2186 843 2248 doctrinam
862 2186 1070 2266 poenitentiae,

58 2288 204 2366 sineque
225 2307 281 2348 uec
301 2288 416 2367 ingredi
438 2289 592 2373 quisquam
611 2291 641 2350 in
670 2287 852 2362 Ecclesiam,
880 2306 936 2348 nec
957 2289 1071 2366 ingres-

58 2408 109 2451 sua
131 2407 328 2468 perseverare
347 2394 455 2468 potest.
509 2388 632 2450 Constat
662 2394 760 2449 autem
790 2408 860 2450 vera
891 2389 1071 2469 poenitentia

57 2490 201 2570 primum,
238 2490 431 2566 contritione,
464 2489 580 2570 quando
611 2490 702 2549 corda
731 2489 906 2569 franguntur
935 2491 980 2551 ira
1005 2488 1071 2565 nei,
1127 2518 1131 2525 ·

55 2597 241 2671 mortemque
260 2596 410 2651 aeternam
432 2593 571 2665 sentiunt7
602 2590 754 2651 revelante
774 2590 843 2671 lege
862 2591 919 2651 nei
940 2597 1072 2670 peccata

56 2692 176 2754 Deinde
196 2693 277 2767 fide,
307 2693 422 2771 quaudo
443 2692 604 2771 Evangelio
626 2691 788 2767 offerente,
814 2692 952 2762 meritum
973 2698 1006 2754 et
1025 2713 1072 2755 sn·
1180 2758 1186 2768 .

59 2795 260 2856 tisfactinncm
282 2795 410 2870 curisti,
431 2795 522 2856 corda
537 2814 581 2855 aex
600 2795 756 2874 pavoribus
784 2795 944 2874 eriguntur,
964 2795 1073 2857 fiducia

58 2896 261 2974 misericordia
290 2897 401 2976 petris,
443 2915 531 2975 quam
560 2895 696 2956 Christus
737 2895 901 2957 wneiiiavit
934 2898 1070 2959 omnibus
1153 2976 1157 2981 .

56 2999 212 3078 agentibus
240 2998 469 3078 poeniteutiam,
500 3004 531 3058 et
558 2999 589 3057 in
616 2998 710 3076 ipsius
731 2998 848 3057 nomine
870 2998 1069 3059 credentibus.

57 3097 211 3160 Postremo
227 3100 313 3178 sequi
331 3100 442 3159 debent
463 3101 539 3159 boun
561 3117 660 3178 opera,
675 3117 750 3176 quae
771 3105 840 3159 sunt
858 3095 974 3159 fructus
995 3117 1067 3177 pce·

58 3202 201 3264 memorre
226 3188 317 3281 juxta
344 3200 417 3261 rum
455 3200 576 3261 uren.
608 3201 637 3261 1.
671 3198 824 3264 uranon
858 3201 890 3261 u
919 3200 981 3261 oue
1010 3200 1069 3259 vu·
1125 3268 1128 3275 ,
1187 3259 1192 3265 .

58 3307 161 3363 tutem.

295 3554 371 3614 Xlii.
402 3553 450 3614 De
471 3575 531 3615 nan
554 3553 836 3615 Sacramentorum.

143 3707 333 3768 Sacramenta
362 3708 504 3767 scutimus
532 3725 592 3767 non
620 3694 733 3767 tautum
753 3707 821 3768 ideo
844 3727 861 3766 e
883 3706 1002 3769 Christo
1023 3708 1068 3766 in·
1152 3744 1157 3753 .

55 3813 161 3872 stitnta
176 3828 254 3884 esse,
274 3814 308 3869 ut
330 3808 487 3869 discrimen
509 3807 618 3868 faciant
639 3809 717 3867 inter
740 3806 939 3869 Christianum
960 3814 991 3868 et
1009 3827 1066 3866 non

56 3912 272 3989 Christianum,
301 3910 358 3973 aed
387 3906 485 3990 potius
517 3915 550 3970 ut
581 3911 640 3970 sint
661 3908 757 3988 sigilla
778 3909 894 3971 diuinae
914 3910 1086 3971 voiuntutia'
