2544 4694
665 365 710 431 1⁰

181 535 340 599 civitatum
369 533 539 616 Superioris
559 533 731 616 Hungarlae
752 534 943 612 continebat,
963 535 1076 599 lectum
1096 538 1210 619 clugn-
1244 610 1251 627 .

180 638 269 718 laque
297 638 452 717 utriusque
479 642 589 716 puncta
618 636 755 700 uberius·
780 637 945 717 explicata,
996 638 1211 720 dlustrstaque

179 740 312 812 fuerunt,
338 744 428 818 atque
447 736 585 799 Ecclesia
613 739 704 799 edam
723 737 959 801 Kesmarkiensis
979 740 1011 801 ln
1032 738 1212 803 Contuber-

108 905 111 909 ,
180 840 410 919 niquninque
430 838 465 900 L.
479 837 517 899 R.
534 839 692 903 Civitatem
712 860 749 902 ea
769 840 838 921 lege
858 847 982 929 recepta
1001 840 1070 917 init,
1090 848 1126 904 ut
1147 840 1211 905 1²2-

152 992 154 997 .
181 951 279 1006 stores
301 944 379 1024 ejus,
399 941 558 1004 formulam
580 941 766 1004 Concordiae
783 943 982 1024 jurejurando
1002 930 1152 1024 probent,
1171 944 1211 1007 in

182 1044 380 1106 Concionibus
402 1042 594 1105 contubernii
614 1043 712 1105 locum
737 1044 858 1137 quidem
885 1063 954 1106 cum
985 1042 1129 1125 suffragio
1148 1044 1210 1107 ba·

146 1140 150 1147 ’
181 1145 357 1225 bannajas
377 1150 477 1206 tamen
500 1143 731 1204 Candidatomm
758 1163 813 1224 pro
836 1143 1114 1224 Superintendeutis
1136 1134 1210 1209 iaa-

85 1294 91 1303 ,
131 1282 136 1291 -
181 1267 255 1309 nere
284 1265 440 1307 numerum
467 1244 654 1325 ingrediendi
682 1245 740 1305 sibi
767 1264 916 1325 nunquam
944 1248 1111 1322 vindicent,
1133 1248 1208 1328 ipse

182 1356 281 1411 autem
299 1347 410 1408 Coetus
424 1344 658 1407 Kesmarkiensis
677 1345 791 1405 aerario
809 1345 946 1425 Quinque
966 1346 1126 1409 civitatum
1138 1349 1207 1409 dn-

182 1458 286 1513 centos
304 1449 448 1509 Florenos
462 1446 655 1527 Ungaricales
670 1446 798 1521 brierat3
818 1448 1014 1528 Bartphensis
1030 1450 1061 1533 d,
1074 1430 1127 1509 id.
1140 1449 1207 1525 lul

182 1552 282 1628 1688,
299 1552 331 1613 in
353 1570 411 1630 qua
423 1548 579 1629 Philippus
594 1548 788 1623 neumenia,
809 1547 916 1610 Pastor
936 1549 1153 1629 Cassovicusls,
1169 1552 1207 1615 in

182 1652 461 1735 Superinteudentis
488 1651 617 1712 bonores
643 1657 801 1730 provectus
822 1650 891 1712 fuit.

152 1790 159 1803 ·
231 1815 235 1823 ,
269 1755 438 1816 Montanae
462 1742 608 1829 (deitates
627 1752 801 1827 identidem,
829 1755 1007 1833 praesertim
1029 1744 1232 1832 (ἷιιιιιιιιίοἰὶςΙ

184 1858 335 1921 derebus
356 1854 567 1917 ecclesiasticis
588 1853 724 1933 agebant.
777 1852 981 1917 Celeberrima
1000 1856 1106 1917 harum
1129 1875 1208 1919 oon·

183 1963 299 2023 ciouum
321 1963 370 2021 est
389 1958 458 2033 anni
479 1954 571 2030 1569,
598 1955 629 2014 in
651 1973 714 2042 qua
737 1954 935 2017 confessione
965 1955 1053 2018 Fidei
1079 1956 1208 2021 Monta-

183 2081 288 2125 narum
308 2058 520 2132 Ecclesiarum,
542 2055 581 2116 de
602 2075 659 2135 qna
679 2054 767 2134 paulo
787 2063 856 2117 ante
878 2057 1020 2131 diximus,
1040 2057 1137 2134 lecta,
1159 2048 1206 2121 ri-

72 2154 76 2160 ’
170 2171 266 2229 ¹tuum
299 2159 491 2241 aequabilitas
521 2157 745 2218 decernebatur.
799 2156 979 2219 Confirmata
1009 2158 1098 2220 fuere
1122 2160 1217 2223 sos·-

39 2254 61 2339 ',
87 2252 92 2265 ¹
182 2267 260 2329 illius
283 2245 397 2344 Synodi
418 2281 494 2323 anno
516 2258 600 2321 1577
628 2260 660 2319 in
691 2258 812 2338 Synodo
835 2259 996 2321 cremnicii
1016 2267 1139 2338 coacta,
1166 2261 1202 2324 in

185 2388 243 2450 qua
264 2365 389 2429 Articuli
407 2361 451 2425 25
471 2382 489 2425 a
511 2360 667 2423 duodecim
686 2359 856 2424 Pastoribus
878 2362 1055 2451 subscripti,
1075 2346 1216 2427 aueum

42 2494 57 2517 ν
184 2471 304 2533 conditi.
1092 2484 1094 2489 ·

182 2628 184 2632 Α
267 2571 302 2632 ln
322 2568 475 2631 Conventa
497 2563 616 2626 Sdtor-
631 2563 786 2646 lffbelyioi
808 2572 840 2627 et
869 2566 903 2627 in
931 2584 1000 2628 arce
1030 2565 1135 2648 Fpnr‘
1149 2583 1208 2653 aar

62 2681 67 2690 '
183 2671 267 2749 lona
278 2671 390 2746 habito,
409 2668 448 2730 de
469 2668 655 2748 dogmatibus¹
675 2669 873 2730 controversis
894 2668 1046 2748 agebatur.
1118 2690 1138 2735 ,¹
1241 2668 1244 2683 ¹

266 2773 361 2834 Anao
381 2769 463 2831 1591
488 2767 686 2849 caeprega‘ni
711 2767 882 2830 Conventus
910 2768 969 2830 init
997 2769 1136 2845 babitus,
1165 2770 1211 2832 in·

183 2895 242 2957 qno
270 2872 448 2935 Severinum
475 2870 649 2945 Sodtetum,
680 2869 835 2932 Pastorem
859 2869 1100 2950 Bartpbensem‚
1120 2870 1206 2935 inlu·

182 2984 214 3039 et
235 2975 421 3056 Stephanum
440 2973 540 3050 Biyts
558 2966 712 3054 (ijffie),
732 2969 887 3033 Pastorem
908 2970 1211 3052 nemeen-mma·

183 3096 248 3139 sem
277 3081 309 3138 et
336 3073 547 3136 l'dcclcsiarum¹
571 3072 651 3132 circa
671 3071 792 3135 fluvium
811 3071 981 3134 Arabonem
1002 3071 1205 3153 superinton-

182 3180 312 3254 dentem,
333 3175 521 3254 Colloquinm
543 3171 583 3234 de
604 3171 704 3234 Coena
724 3171 842 3233 Domini
862 3171 922 3233 fuit
940 3174 1117 3250 institutum,
1139 3194 1205 3257 qno

116 3350 123 3357 ‚
180 3281 337 3342 tmndnato
358 3277 454 3354 lldyte
473 3267 593 3354 publice
613 3274 651 3334 ad
671 3262 862 3346 Reformatos
882 3275 1008 3336 transiit.
1057 3272 1205 3355 Synodue

182 3383 258 3443 baec
278 3378 495 3458 separationem
516 3393 629 3448 corum,
653 3375 704 3454 qui
722 3373 1095 3455 Helveticam-probabaat
1124 3377 1207 3443 lidei

183 3481 418 3555 confessionem,
440 3478 479 3539 ab
500 3478 548 3552 iis,
569 3476 620 3557 qui
633 3476 822 3556 Augustanus
842 3477 1209 3549 adhaerebantlormulne,

42 3609 48 3621 ’
183 3582 374 3655 consumavit
911 3586 913 3592 ’
959 3598 964 3607 ’
1055 3602 1057 3607 ’

132 3754 134 3758 ,
249 3684 380 3746 ·0mnes
396 3681 452 3743 bas
468 3678 604 3758 Synodos
625 3677 800 3740 celebritate
820 3679 1015 3759 superabant:
1036 3677 1213 3748 Sulcensis,

95 3792 105 3806 “
186 3788 255 3850 anui
277 3785 369 3859 161⁰,
390 3784 422 3842 in
443 3800 500 3862 qua
521 3780 595 3841 ordo
617 3779 838 3841 ecclesiasticus
860 3781 1053 3856 constitutus,
1075 3760 1206 3865 nesdue

86 3913 89 3919 ’
185 3886 470 3972 superintendentes
499 3883 604 3946 decem
626 3881 820 3945 eomitatibus
844 3881 1108 3974 Gis-Danublauis
1129 3885 1205 3951 lue-
