<?xml version="1.0" encoding="UTF-8"?>
<!DOCTYPE html PUBLIC "-//W3C//DTD XHTML 1.0 Transitional//EN"
    "http://www.w3.org/TR/xhtml1/DTD/xhtml1-transitional.dtd">
<html xmlns="http://www.w3.org/1999/xhtml" xml:lang="en" lang="en">
 <head>
  <title>
</title>
<meta http-equiv="Content-Type" content="text/html;charset=utf-8" />
  <meta name='ocr-system' content='tesseract 3.04.00' />
  <meta name='ocr-capabilities' content='ocr_page ocr_carea ocr_par ocr_line ocrx_word'/>
</head>
<body>
  <div class='ocr_page' id='page_1' title='image "./historiaecclesi00munygoog_0176.png"; bbox 0 0 2544 4694; ppageno 0'>
   <div class='ocr_carea' id='block_1_1' title="bbox 607 383 671 444">
    <p class='ocr_par' dir='ltr' id='par_1_1' title="bbox 607 383 671 444">
     <span class='ocr_line' id='line_1_1' title="bbox 607 383 671 444; baseline 0.016 -1"><span class='ocrx_word' id='word_1_1' title='bbox 607 383 671 444; x_wconf 66' lang='lat' dir='ltr'><strong>lca</strong></span> 
     </span>
    </p>
   </div>
   <div class='ocr_carea' id='block_1_2' title="bbox 123 551 1129 4093">
    <p class='ocr_par' dir='ltr' id='par_1_2' title="bbox 123 551 1129 4093">
     <span class='ocr_line' id='line_1_2' title="bbox 129 551 1129 630; baseline 0 -15"><span class='ocrx_word' id='word_1_2' title='bbox 129 574 233 627; x_wconf 76' lang='lat' dir='ltr'><strong>arrisu,</strong></span> <span class='ocrx_word' id='word_1_3' title='bbox 256 574 291 615; x_wconf 92' lang='lat' dir='ltr'><strong>ac</strong></span> <span class='ocrx_word' id='word_1_4' title='bbox 312 554 437 613; x_wconf 88' lang='lat' dir='ltr'><strong>honesta</strong></span> <span class='ocrx_word' id='word_1_5' title='bbox 458 558 627 613; x_wconf 84' lang='lat' dir='ltr'><strong>nostrorum</strong></span> <span class='ocrx_word' id='word_1_6' title='bbox 648 552 822 613; x_wconf 80' lang='lat' dir='ltr'><strong>Auditorum</strong></span> <span class='ocrx_word' id='word_1_7' title='bbox 843 551 1064 630; x_wconf 75' lang='lat' dir='ltr'><strong>dimissione,</strong></span> <span class='ocrx_word' id='word_1_8' title='bbox 1094 553 1129 615; x_wconf 89' lang='lat' dir='ltr'><strong>lic</strong></span> 
     </span>
     <span class='ocr_line' id='line_1_3' title="bbox 131 655 1129 735; baseline -0.002 -18"><span class='ocrx_word' id='word_1_9' title='bbox 131 659 247 717; x_wconf 68' lang='lat' dir='ltr'><strong>tretilius</strong></span> <span class='ocrx_word' id='word_1_10' title='bbox 268 664 377 715; x_wconf 79' lang='lat' dir='ltr'><strong>comm</strong></span> <span class='ocrx_word' id='word_1_11' title='bbox 397 674 453 713; x_wconf 77' lang='lat' dir='ltr'><strong>rios</strong></span> <span class='ocrx_word' id='word_1_12' title='bbox 469 662 657 733; x_wconf 79' lang='lat' dir='ltr'><strong>praetensae</strong></span> <span class='ocrx_word' id='word_1_13' title='bbox 672 655 887 735; x_wconf 77' lang='lat' dir='ltr'><strong>corrupticitatis</strong></span> <span class='ocrx_word' id='word_1_14' title='bbox 912 656 1045 717; x_wconf 72' lang='lat' dir='ltr'><strong>caroccii</strong></span> <span class='ocrx_word' id='word_1_15' title='bbox 1060 656 1129 715; x_wconf 76' lang='lat' dir='ltr'><strong>abac</strong></span> 
     </span>
     <span class='ocr_line' id='line_1_4' title="bbox 131 755 1129 819; baseline 0 0"><span class='ocrx_word' id='word_1_16' title='bbox 131 779 187 819; x_wconf 91' lang='lat' dir='ltr'><strong>nec</strong></span> <span class='ocrx_word' id='word_1_17' title='bbox 208 778 315 819; x_wconf 85' lang='lat' dir='ltr'><strong>causae</strong></span> <span class='ocrx_word' id='word_1_18' title='bbox 336 776 370 818; x_wconf 87' lang='lat' dir='ltr'><strong>ac</strong></span> <span class='ocrx_word' id='word_1_19' title='bbox 392 757 579 816; x_wconf 79' lang='lat' dir='ltr'><strong>innocentiae</strong></span> <span class='ocrx_word' id='word_1_20' title='bbox 599 768 719 817; x_wconf 85' lang='lat' dir='ltr'><strong>nostrae</strong></span> <span class='ocrx_word' id='word_1_21' title='bbox 740 755 935 816; x_wconf 79' lang='lat' dir='ltr'><strong>dissidentes:</strong></span> <span class='ocrx_word' id='word_1_22' title='bbox 975 756 1129 819; x_wconf 85' lang='lat' dir='ltr'><strong>tamencl</strong></span> 
     </span>
     <span class='ocr_line' id='line_1_5' title="bbox 132 856 1129 939; baseline 0 -20"><span class='ocrx_word' id='word_1_23' title='bbox 132 862 259 920; x_wconf 88' lang='lat' dir='ltr'><strong>ruentiuc</strong></span> <span class='ocrx_word' id='word_1_24' title='bbox 281 857 404 937; x_wconf 76' lang='lat' dir='ltr'><strong>legitimi</strong></span> <span class='ocrx_word' id='word_1_25' title='bbox 424 856 618 934; x_wconf 68' lang='lat' dir='ltr'><strong>Magistratus</strong></span> <span class='ocrx_word' id='word_1_26' title='bbox 641 858 752 931; x_wconf 80' lang='lat' dir='ltr'><strong>nostri,</strong></span> <span class='ocrx_word' id='word_1_27' title='bbox 780 856 842 917; x_wconf 85' lang='lat' dir='ltr'><strong>Noa</strong></span> <span class='ocrx_word' id='word_1_28' title='bbox 864 858 975 936; x_wconf 72' lang='lat' dir='ltr'><strong>potius</strong></span> <span class='ocrx_word' id='word_1_29' title='bbox 999 860 1129 939; x_wconf 73' lang='lat' dir='ltr'><strong>subjicet</strong></span> 
     </span>
     <span class='ocr_line' id='line_1_6' title="bbox 130 958 1129 1040; baseline 0.001 -19"><span class='ocrx_word' id='word_1_30' title='bbox 130 968 163 1021; x_wconf 87' lang='lat' dir='ltr'><strong>et</strong></span> <span class='ocrx_word' id='word_1_31' title='bbox 182 961 329 1040; x_wconf 72' lang='lat' dir='ltr'><strong>gratiosae</strong></span> <span class='ocrx_word' id='word_1_32' title='bbox 340 958 474 1039; x_wconf 86' lang='lat' dir='ltr'><strong>ejusdem</strong></span> <span class='ocrx_word' id='word_1_33' title='bbox 488 958 671 1036; x_wconf 79' lang='lat' dir='ltr'><strong>dispositioni</strong></span> <span class='ocrx_word' id='word_1_34' title='bbox 690 958 888 1032; x_wconf 85' lang='lat' dir='ltr'><strong>oormnittcrc,</strong></span> <span class='ocrx_word' id='word_1_35' title='bbox 911 980 1016 1039; x_wconf 79' lang='lat' dir='ltr'><strong>qurum</strong></span> <span class='ocrx_word' id='word_1_36' title='bbox 1034 962 1070 1021; x_wconf 89' lang='lat' dir='ltr'><strong>in</strong></span> <span class='ocrx_word' id='word_1_37' title='bbox 1083 960 1129 1023; x_wconf 83' lang='lat' dir='ltr'><strong>liu</strong></span> 
     </span>
     <span class='ocr_line' id='line_1_7' title="bbox 131 1059 1129 1123; baseline 0 -2"><span class='ocrx_word' id='word_1_38' title='bbox 131 1060 370 1121; x_wconf 87' lang='lat' dir='ltr'><strong>coruloaccudcrc</strong></span> <span class='ocrx_word' id='word_1_39' title='bbox 387 1059 541 1121; x_wconf 78' lang='lat' dir='ltr'><strong>uoleutes“</strong></span> <span class='ocrx_word' id='word_1_40' title='bbox 561 1066 619 1119; x_wconf 91' lang='lat' dir='ltr'><strong>etc.</strong></span> <span class='ocrx_word' id='word_1_41' title='bbox 661 1060 746 1119; x_wconf 92' lang='lat' dir='ltr'><strong>lllum</strong></span> <span class='ocrx_word' id='word_1_42' title='bbox 772 1067 872 1121; x_wconf 91' lang='lat' dir='ltr'><strong>autem</strong></span> <span class='ocrx_word' id='word_1_43' title='bbox 897 1063 1079 1123; x_wconf 79' lang='lat' dir='ltr'><strong>uerborum</strong></span> <span class='ocrx_word' id='word_1_44' title='bbox 1104 1082 1129 1121; x_wconf 89' lang='grc' dir='ltr'><strong>ιι</strong></span> 
     </span>
     <span class='ocr_line' id='line_1_8' title="bbox 132 1162 1129 1244; baseline 0.002 -21"><span class='ocrx_word' id='word_1_45' title='bbox 132 1165 241 1237; x_wconf 87' lang='lat' dir='ltr'><strong>bitum,</strong></span> <span class='ocrx_word' id='word_1_46' title='bbox 272 1181 330 1241; x_wconf 84' lang='lat' dir='ltr'><strong>quo</strong></span> <span class='ocrx_word' id='word_1_47' title='bbox 362 1182 430 1221; x_wconf 82' lang='lat' dir='ltr'><strong>aesc</strong></span> <span class='ocrx_word' id='word_1_48' title='bbox 463 1180 587 1221; x_wconf 86' lang='lat' dir='ltr'><strong>rnuucrc</strong></span> <span class='ocrx_word' id='word_1_49' title='bbox 616 1162 810 1234; x_wconf 80' lang='lat' dir='ltr'><strong>abdicabant,</strong></span> <span class='ocrx_word' id='word_1_50' title='bbox 851 1162 893 1222; x_wconf 91' lang='lat' dir='ltr'><strong>ita</strong></span> <span class='ocrx_word' id='word_1_51' title='bbox 931 1182 1129 1244; x_wconf 86' lang='lat' dir='ltr'><strong>conceperun</strong></span> 
     </span>
     <span class='ocr_line' id='line_1_9' title="bbox 130 1262 1129 1343; baseline 0 -18"><span class='ocrx_word' id='word_1_52' title='bbox 130 1266 273 1336; x_wconf 86' lang='lat' dir='ltr'><strong>„Nullum</strong></span> <span class='ocrx_word' id='word_1_53' title='bbox 293 1264 447 1324; x_wconf 82' lang='lat' dir='ltr'><strong>ministerii</strong></span> <span class='ocrx_word' id='word_1_54' title='bbox 463 1264 556 1322; x_wconf 87' lang='lat' dir='ltr'><strong>nostri</strong></span> <span class='ocrx_word' id='word_1_55' title='bbox 574 1264 757 1335; x_wconf 77' lang='lat' dir='ltr'><strong>exercitium,</strong></span> <span class='ocrx_word' id='word_1_56' title='bbox 773 1263 848 1322; x_wconf 91' lang='lat' dir='ltr'><strong>clam</strong></span> <span class='ocrx_word' id='word_1_57' title='bbox 865 1262 914 1323; x_wconf 77' lang='lat' dir='ltr'><strong>rel</strong></span> <span class='ocrx_word' id='word_1_58' title='bbox 932 1264 1083 1343; x_wconf 82' lang='lat' dir='ltr'><strong>publice,</strong></span> <span class='ocrx_word' id='word_1_59' title='bbox 1097 1264 1129 1325; x_wconf 84' lang='lat' dir='ltr'><strong>al</strong></span> 
     </span>
     <span class='ocr_line' id='line_1_10' title="bbox 131 1364 1129 1447; baseline 0.005 -23"><span class='ocrx_word' id='word_1_60' title='bbox 131 1386 191 1445; x_wconf 77' lang='lat' dir='ltr'><strong>proc</strong></span> <span class='ocrx_word' id='word_1_61' title='bbox 204 1364 334 1423; x_wconf 78' lang='lat' dir='ltr'><strong>Irrdrrltu</strong></span> <span class='ocrx_word' id='word_1_62' title='bbox 354 1364 561 1443; x_wconf 77' lang='lat' dir='ltr'><strong>Magistratus</strong></span> <span class='ocrx_word' id='word_1_63' title='bbox 579 1364 804 1423; x_wconf 77' lang='lat' dir='ltr'><strong>exercebimus“</strong></span> <span class='ocrx_word' id='word_1_64' title='bbox 819 1397 862 1408; x_wconf 81' lang='lat'>-</span> <span class='ocrx_word' id='word_1_65' title='bbox 884 1364 1129 1447; x_wconf 73' lang='lat' dir='ltr'><strong>Postquamlega</strong></span> 
     </span>
     <span class='ocr_line' id='line_1_11' title="bbox 131 1463 1129 1543; baseline 0.002 -16"><span class='ocrx_word' id='word_1_66' title='bbox 131 1466 290 1527; x_wconf 82' lang='lat' dir='ltr'><strong>Tredcoim</strong></span> <span class='ocrx_word' id='word_1_67' title='bbox 319 1463 467 1543; x_wconf 82' lang='lat' dir='ltr'><strong>Oppidani</strong></span> <span class='ocrx_word' id='word_1_68' title='bbox 495 1484 513 1523; x_wconf 86' lang='grc' dir='ltr'><strong>ιι</strong></span> <span class='ocrx_word' id='word_1_69' title='bbox 540 1464 695 1543; x_wconf 86' lang='lat' dir='ltr'><strong>Principe,</strong></span> <span class='ocrx_word' id='word_1_70' title='bbox 727 1463 834 1525; x_wconf 88' lang='lat' dir='ltr'><strong>solatio</strong></span> <span class='ocrx_word' id='word_1_71' title='bbox 859 1466 951 1526; x_wconf 75' lang='lat' dir='ltr'><strong>uacui</strong></span> <span class='ocrx_word' id='word_1_72' title='bbox 972 1467 1129 1531; x_wconf 65' lang='lat' dir='ltr'><strong>rediisse!</strong></span> 
     </span>
     <span class='ocr_line' id='line_1_12' title="bbox 131 1563 1129 1643; baseline 0.005 -16"><span class='ocrx_word' id='word_1_73' title='bbox 131 1568 268 1627; x_wconf 83' lang='lat' dir='ltr'><strong>Pastorca</strong></span> <span class='ocrx_word' id='word_1_74' title='bbox 299 1565 451 1643; x_wconf 88' lang='lat' dir='ltr'><strong>llpoclram</strong></span> <span class='ocrx_word' id='word_1_75' title='bbox 482 1563 628 1623; x_wconf 89' lang='lat' dir='ltr'><strong>nonnullis</strong></span> <span class='ocrx_word' id='word_1_76' title='bbox 659 1566 690 1623; x_wconf 92' lang='lat' dir='ltr'><strong>in</strong></span> <span class='ocrx_word' id='word_1_77' title='bbox 717 1563 792 1625; x_wconf 89' lang='lat' dir='ltr'><strong>locis</strong></span> <span class='ocrx_word' id='word_1_78' title='bbox 817 1566 1017 1629; x_wconf 87' lang='lat' dir='ltr'><strong>immutatam</strong></span> <span class='ocrx_word' id='word_1_79' title='bbox 1041 1574 1076 1631; x_wconf 88' lang='lat' dir='ltr'><strong>et</strong></span> <span class='ocrx_word' id='word_1_80' title='bbox 1094 1570 1129 1631; x_wconf 79' lang='lat' dir='ltr'><strong>rol</strong></span> 
     </span>
     <span class='ocr_line' id='line_1_13' title="bbox 131 1664 1129 1747; baseline 0.002 -18"><span class='ocrx_word' id='word_1_81' title='bbox 131 1670 271 1747; x_wconf 88' lang='lat' dir='ltr'><strong>scriptam</strong></span> <span class='ocrx_word' id='word_1_82' title='bbox 300 1668 337 1726; x_wconf 90' lang='lat' dir='ltr'><strong>ad</strong></span> <span class='ocrx_word' id='word_1_83' title='bbox 358 1666 542 1743; x_wconf 73' lang='lat' dir='ltr'><strong>Birsonyum</strong></span> <span class='ocrx_word' id='word_1_84' title='bbox 563 1664 741 1724; x_wconf 86' lang='lat' dir='ltr'><strong>detulerunt.</strong></span> <span class='ocrx_word' id='word_1_85' title='bbox 787 1665 849 1726; x_wconf 87' lang='lat' dir='ltr'><strong>Sed</strong></span> <span class='ocrx_word' id='word_1_86' title='bbox 868 1667 923 1727; x_wconf 88' lang='lat' dir='ltr'><strong>bic</strong></span> <span class='ocrx_word' id='word_1_87' title='bbox 945 1672 1129 1747; x_wconf 82' lang='lat' dir='ltr'><strong>veritus,r</strong></span> 
     </span>
     <span class='ocr_line' id='line_1_14' title="bbox 123 1767 1129 1846; baseline 0.004 -16"><span class='ocrx_word' id='word_1_88' title='bbox 123 1768 319 1837; x_wconf 78' lang='lat' dir='ltr'><strong>¹Lubomirslri</strong></span> <span class='ocrx_word' id='word_1_89' title='bbox 362 1787 396 1827; x_wconf 89' lang='lat' dir='ltr'><strong>se</strong></span> <span class='ocrx_word' id='word_1_90' title='bbox 426 1767 563 1845; x_wconf 89' lang='lat' dir='ltr'><strong>precibus</strong></span> <span class='ocrx_word' id='word_1_91' title='bbox 593 1767 675 1826; x_wconf 89' lang='lat' dir='ltr'><strong>llccti</strong></span> <span class='ocrx_word' id='word_1_92' title='bbox 701 1768 846 1846; x_wconf 88' lang='lat' dir='ltr'><strong>patiatur,</strong></span> <span class='ocrx_word' id='word_1_93' title='bbox 879 1768 922 1829; x_wconf 89' lang='lat' dir='ltr'><strong>ad</strong></span> <span class='ocrx_word' id='word_1_94' title='bbox 944 1790 1007 1832; x_wconf 81' lang='lat' dir='ltr'><strong>cos</strong></span> <span class='ocrx_word' id='word_1_95' title='bbox 1041 1772 1129 1834; x_wconf 79' lang='lat' dir='ltr'><strong>sedda</strong></span> 
     </span>
     <span class='ocr_line' id='line_1_15' title="bbox 124 1867 1129 1955; baseline 0.002 -26"><span class='ocrx_word' id='word_1_96' title='bbox 124 1870 262 1951; x_wconf 85' lang='lat' dir='ltr'><strong>¹pristinis</strong></span> <span class='ocrx_word' id='word_1_97' title='bbox 285 1867 470 1939; x_wconf 89' lang='lat' dir='ltr'><strong>reddendos,</strong></span> <span class='ocrx_word' id='word_1_98' title='bbox 493 1867 603 1927; x_wconf 88' lang='lat' dir='ltr'><strong>inserta</strong></span> <span class='ocrx_word' id='word_1_99' title='bbox 624 1868 713 1927; x_wconf 84' lang='lat' dir='ltr'><strong>rerba</strong></span> <span class='ocrx_word' id='word_1_100' title='bbox 740 1869 874 1947; x_wconf 77' lang='lat' dir='ltr'><strong>„absque</strong></span> <span class='ocrx_word' id='word_1_101' title='bbox 902 1869 1038 1935; x_wconf 85' lang='lat' dir='ltr'><strong>ludultu</strong></span> <span class='ocrx_word' id='word_1_102' title='bbox 1068 1873 1129 1955; x_wconf 72' lang='lat' dir='ltr'><strong>Mag</strong></span> 
     </span>
     <span class='ocr_line' id='line_1_16' title="bbox 131 1968 1129 2055; baseline 0.008 -24"><span class='ocrx_word' id='word_1_103' title='bbox 131 1975 261 2032; x_wconf 52' lang='lat' dir='ltr'><strong>stratus*</strong></span> <span class='ocrx_word' id='word_1_104' title='bbox 281 1976 342 2030; x_wconf 87' lang='lat' dir='ltr'><strong>tam</strong></span> <span class='ocrx_word' id='word_1_105' title='bbox 362 1988 452 2047; x_wconf 83' lang='lat' dir='ltr'><strong>aegre</strong></span> <span class='ocrx_word' id='word_1_106' title='bbox 471 1968 556 2040; x_wconf 92' lang='lat' dir='ltr'><strong>tulit,</strong></span> <span class='ocrx_word' id='word_1_107' title='bbox 578 1975 612 2028; x_wconf 92' lang='lat' dir='ltr'><strong>ut</strong></span> <span class='ocrx_word' id='word_1_108' title='bbox 633 1968 790 2029; x_wconf 81' lang='lat' dir='ltr'><strong>confestim</strong></span> <span class='ocrx_word' id='word_1_109' title='bbox 811 1969 991 2051; x_wconf 82' lang='lat' dir='ltr'><strong>Principem</strong></span> <span class='ocrx_word' id='word_1_110' title='bbox 1016 1994 1129 2055; x_wconf 84' lang='lat' dir='ltr'><strong>proroor</strong></span> 
     </span>
     <span class='ocr_line' id='line_1_17' title="bbox 131 2068 1129 2158; baseline 0.01 -27"><span class='ocrx_word' id='word_1_111' title='bbox 131 2080 187 2147; x_wconf 87' lang='lat' dir='ltr'><strong>ret,</strong></span> <span class='ocrx_word' id='word_1_112' title='bbox 209 2071 247 2131; x_wconf 89' lang='lat' dir='ltr'><strong>ad</strong></span> <span class='ocrx_word' id='word_1_113' title='bbox 262 2070 477 2151; x_wconf 85' lang='lat' dir='ltr'><strong>procurandam</strong></span> <span class='ocrx_word' id='word_1_114' title='bbox 490 2071 665 2144; x_wconf 88' lang='lat' dir='ltr'><strong>sentcntiae,</strong></span> <span class='ocrx_word' id='word_1_115' title='bbox 685 2068 826 2131; x_wconf 81' lang='lat' dir='ltr'><strong>adversus</strong></span> <span class='ocrx_word' id='word_1_116' title='bbox 845 2070 1129 2158; x_wconf 56' lang='lat' dir='ltr'><strong>cundrammo·</strong></span> 
     </span>
     <span class='ocr_line' id='line_1_18' title="bbox 131 2154 1129 2263; baseline 0.002 -28"><span class='ocrx_word' id='word_1_117' title='bbox 131 2181 233 2235; x_wconf 89' lang='lat' dir='ltr'><strong>contra</strong></span> <span class='ocrx_word' id='word_1_118' title='bbox 243 2174 419 2252; x_wconf 84' lang='lat' dir='ltr'><strong>promissum</strong></span> <span class='ocrx_word' id='word_1_119' title='bbox 439 2154 593 2251; x_wconf 88' lang='lat' dir='ltr'><strong>proprium</strong></span> <span class='ocrx_word' id='word_1_120' title='bbox 609 2171 820 2251; x_wconf 73' lang='lat' dir='ltr'><strong>stipulationes</strong></span> <span class='ocrx_word' id='word_1_121' title='bbox 831 2174 964 2253; x_wconf 77' lang='lat' dir='ltr'><strong>scriptae</strong></span> <span class='ocrx_word' id='word_1_122' title='bbox 978 2180 1129 2263; x_wconf 74' lang='lat' dir='ltr'><strong>subsigna</strong></span> 
     </span>
     <span class='ocr_line' id='line_1_19' title="bbox 130 2274 1129 2349; baseline 0.005 -13"><span class='ocrx_word' id='word_1_123' title='bbox 130 2280 312 2349; x_wconf 82' lang='lat' dir='ltr'><strong>recusarent,</strong></span> <span class='ocrx_word' id='word_1_124' title='bbox 323 2274 488 2333; x_wconf 87' lang='lat' dir='ltr'><strong>sentcntiae</strong></span> <span class='ocrx_word' id='word_1_125' title='bbox 502 2274 731 2334; x_wconf 82' lang='lat' dir='ltr'><strong>exsecutionem.</strong></span> <span class='ocrx_word' id='word_1_126' title='bbox 758 2274 815 2335; x_wconf 87' lang='lat' dir='ltr'><strong>His</strong></span> <span class='ocrx_word' id='word_1_127' title='bbox 831 2276 1006 2341; x_wconf 82' lang='lat' dir='ltr'><strong>intellectis</strong></span> <span class='ocrx_word' id='word_1_128' title='bbox 1018 2280 1129 2345; x_wconf 70' lang='lat' dir='ltr'><strong>Paros</strong></span> 
     </span>
     <span class='ocr_line' id='line_1_20' title="bbox 130 2374 1129 2455; baseline 0.01 -18"><span class='ocrx_word' id='word_1_129' title='bbox 130 2378 252 2437; x_wconf 81' lang='lat' dir='ltr'><strong>nuncios</strong></span> <span class='ocrx_word' id='word_1_130' title='bbox 280 2374 317 2435; x_wconf 91' lang='lat' dir='ltr'><strong>ad</strong></span> <span class='ocrx_word' id='word_1_131' title='bbox 348 2376 514 2454; x_wconf 87' lang='lat' dir='ltr'><strong>principem</strong></span> <span class='ocrx_word' id='word_1_132' title='bbox 534 2376 658 2450; x_wconf 88' lang='lat' dir='ltr'><strong>misere,</strong></span> <span class='ocrx_word' id='word_1_133' title='bbox 688 2395 756 2435; x_wconf 90' lang='lat' dir='ltr'><strong>eum</strong></span> <span class='ocrx_word' id='word_1_134' title='bbox 776 2396 834 2455; x_wconf 92' lang='lat' dir='ltr'><strong>per</strong></span> <span class='ocrx_word' id='word_1_135' title='bbox 852 2376 961 2441; x_wconf 83' lang='lat' dir='ltr'><strong>literas</strong></span> <span class='ocrx_word' id='word_1_136' title='bbox 989 2382 1048 2445; x_wconf 87' lang='lat' dir='ltr'><strong>die</strong></span> <span class='ocrx_word' id='word_1_137' title='bbox 1067 2382 1129 2445; x_wconf 81' lang='lat' dir='ltr'><strong>null</strong></span> 
     </span>
     <span class='ocr_line' id='line_1_21' title="bbox 130 2476 1129 2555; baseline 0.002 -16"><span class='ocrx_word' id='word_1_138' title='bbox 130 2479 206 2539; x_wconf 83' lang='lat' dir='ltr'><strong>eima</strong></span> <span class='ocrx_word' id='word_1_139' title='bbox 224 2476 302 2555; x_wconf 89' lang='lat' dir='ltr'><strong>Maji</strong></span> <span class='ocrx_word' id='word_1_140' title='bbox 324 2476 407 2536; x_wconf 71' lang='lat' dir='ltr'><strong>lota</strong></span> <span class='ocrx_word' id='word_1_141' title='bbox 429 2476 563 2554; x_wconf 83' lang='lat' dir='ltr'><strong>scriptas</strong></span> <span class='ocrx_word' id='word_1_142' title='bbox 588 2478 814 2553; x_wconf 86' lang='lat' dir='ltr'><strong>obsecraturus,</strong></span> <span class='ocrx_word' id='word_1_143' title='bbox 845 2486 877 2539; x_wconf 94' lang='lat' dir='ltr'><strong>ut</strong></span> <span class='ocrx_word' id='word_1_144' title='bbox 898 2480 1018 2547; x_wconf 87' lang='lat' dir='ltr'><strong>duram</strong></span> <span class='ocrx_word' id='word_1_145' title='bbox 1040 2492 1129 2549; x_wconf 74' lang='lat' dir='ltr'><strong>sente</strong></span> 
     </span>
     <span class='ocr_line' id='line_1_22' title="bbox 130 2578 1129 2665; baseline 0.002 -26"><span class='ocrx_word' id='word_1_146' title='bbox 130 2580 211 2653; x_wconf 90' lang='lat' dir='ltr'><strong>tiam,</strong></span> <span class='ocrx_word' id='word_1_147' title='bbox 232 2580 263 2637; x_wconf 90' lang='lat' dir='ltr'><strong>in</strong></span> <span class='ocrx_word' id='word_1_148' title='bbox 286 2596 338 2637; x_wconf 90' lang='lat' dir='ltr'><strong>eos</strong></span> <span class='ocrx_word' id='word_1_149' title='bbox 357 2578 464 2649; x_wconf 87' lang='lat' dir='ltr'><strong>latam,</strong></span> <span class='ocrx_word' id='word_1_150' title='bbox 486 2578 658 2657; x_wconf 76' lang='lat' dir='ltr'><strong>abrogaret,</strong></span> <span class='ocrx_word' id='word_1_151' title='bbox 680 2599 731 2640; x_wconf 86' lang='lat' dir='ltr'><strong>eos</strong></span> <span class='ocrx_word' id='word_1_152' title='bbox 745 2578 856 2640; x_wconf 83' lang='lat' dir='ltr'><strong>-fovere</strong></span> <span class='ocrx_word' id='word_1_153' title='bbox 876 2593 1046 2665; x_wconf 66' lang='lat' dir='ltr'><strong>pergeret,</strong></span> <span class='ocrx_word' id='word_1_154' title='bbox 1067 2586 1129 2651; x_wconf 70' lang='lat' dir='ltr'><strong>mi</strong></span> 
     </span>
     <span class='ocr_line' id='line_1_23' title="bbox 130 2677 1129 2762; baseline 0.006 -23"><span class='ocrx_word' id='word_1_155' title='bbox 130 2679 300 2740; x_wconf 85' lang='lat' dir='ltr'><strong>muneribus</strong></span> <span class='ocrx_word' id='word_1_156' title='bbox 339 2677 424 2757; x_wconf 84' lang='lat' dir='ltr'><strong>iungi</strong></span> <span class='ocrx_word' id='word_1_157' title='bbox 459 2683 492 2738; x_wconf 86' lang='lat' dir='ltr'><strong>et</strong></span> <span class='ocrx_word' id='word_1_158' title='bbox 529 2678 689 2741; x_wconf 81' lang='lat' dir='ltr'><strong>Reuellciis</strong></span> <span class='ocrx_word' id='word_1_159' title='bbox 719 2682 944 2762; x_wconf 87' lang='lat' dir='ltr'><strong>commodisque</strong></span> <span class='ocrx_word' id='word_1_160' title='bbox 978 2689 1074 2753; x_wconf 71' lang='lat' dir='ltr'><strong>aritia</strong></span> <span class='ocrx_word' id='word_1_161' title='bbox 1096 2685 1129 2750; x_wconf 79' lang='lat' dir='ltr'><strong>in&#39;</strong></span> 
     </span>
     <span class='ocr_line' id='line_1_24' title="bbox 128 2780 1129 2861; baseline 0.008 -20"><span class='ocrx_word' id='word_1_162' title='bbox 128 2781 326 2861; x_wconf 86' lang='lat' dir='ltr'><strong>permitteret.</strong></span> <span class='ocrx_word' id='word_1_163' title='bbox 387 2780 449 2839; x_wconf 87' lang='lat' dir='ltr'><strong>Sed</strong></span> <span class='ocrx_word' id='word_1_164' title='bbox 478 2780 590 2841; x_wconf 93' lang='lat' dir='ltr'><strong>nullum</strong></span> <span class='ocrx_word' id='word_1_165' title='bbox 618 2784 770 2843; x_wconf 82' lang='lat' dir='ltr'><strong>consecuti</strong></span> <span class='ocrx_word' id='word_1_166' title='bbox 801 2789 870 2844; x_wconf 88' lang='lat' dir='ltr'><strong>sunt</strong></span> <span class='ocrx_word' id='word_1_167' title='bbox 902 2788 1129 2853; x_wconf 68' lang='lat' dir='ltr'><strong>emolumenta</strong></span> 
     </span>
     <span class='ocr_line' id='line_1_25' title="bbox 130 2880 1129 2975; baseline 0.009 -32"><span class='ocrx_word' id='word_1_168' title='bbox 130 2882 250 2943; x_wconf 83' lang='lat' dir='ltr'><strong>Etenim</strong></span> <span class='ocrx_word' id='word_1_169' title='bbox 271 2900 347 2941; x_wconf 92' lang='lat' dir='ltr'><strong>nona</strong></span> <span class='ocrx_word' id='word_1_170' title='bbox 367 2880 449 2941; x_wconf 90' lang='lat' dir='ltr'><strong>Junii</strong></span> <span class='ocrx_word' id='word_1_171' title='bbox 470 2881 529 2956; x_wconf 86' lang='lat' dir='ltr'><strong>dio,</strong></span> <span class='ocrx_word' id='word_1_172' title='bbox 549 2882 631 2944; x_wconf 81' lang='lat' dir='ltr'><strong>misit</strong></span> <span class='ocrx_word' id='word_1_173' title='bbox 651 2882 837 2945; x_wconf 84' lang='lat' dir='ltr'><strong>Lubomirski</strong></span> <span class='ocrx_word' id='word_1_174' title='bbox 858 2884 1061 2969; x_wconf 84' lang='lat' dir='ltr'><strong>Mandatum,</strong></span> <span class='ocrx_word' id='word_1_175' title='bbox 1081 2888 1129 2975; x_wconf 74' lang='lat' dir='ltr'><strong>qud</strong></span> 
     </span>
     <span class='ocr_line' id='line_1_26' title="bbox 129 2980 1129 3066; baseline 0.009 -25"><span class='ocrx_word' id='word_1_176' title='bbox 129 2983 222 3043; x_wconf 89' lang='lat' dir='ltr'><strong>nostri</strong></span> <span class='ocrx_word' id='word_1_177' title='bbox 243 2980 734 3060; x_wconf 86' lang='lat' dir='ltr'><strong>Proscriptorio·Conflscatorium</strong></span> <span class='ocrx_word' id='word_1_178' title='bbox 756 2990 877 3059; x_wconf 83' lang='lat' dir='ltr'><strong>uocant,</strong></span> <span class='ocrx_word' id='word_1_179' title='bbox 900 3006 966 3066; x_wconf 90' lang='lat' dir='ltr'><strong>quo</strong></span> <span class='ocrx_word' id='word_1_180' title='bbox 992 2990 1129 3063; x_wconf 75' lang='lat' dir='ltr'><strong>comitia</strong></span> 
     </span>
     <span class='ocr_line' id='line_1_27' title="bbox 129 3081 1129 3167; baseline 0.01 -25"><span class='ocrx_word' id='word_1_181' title='bbox 129 3081 292 3157; x_wconf 84' lang='lat' dir='ltr'><strong>Judicibua,</strong></span> <span class='ocrx_word' id='word_1_182' title='bbox 313 3084 368 3142; x_wconf 87' lang='lat' dir='ltr'><strong>sub</strong></span> <span class='ocrx_word' id='word_1_183' title='bbox 389 3082 469 3142; x_wconf 90' lang='lat' dir='ltr'><strong>mille</strong></span> <span class='ocrx_word' id='word_1_184' title='bbox 489 3081 687 3145; x_wconf 86' lang='lat' dir='ltr'><strong>Florenorum</strong></span> <span class='ocrx_word' id='word_1_185' title='bbox 707 3085 831 3160; x_wconf 91' lang='lat' dir='ltr'><strong>mulcta,</strong></span> <span class='ocrx_word' id='word_1_186' title='bbox 852 3092 1018 3167; x_wconf 84' lang='lat' dir='ltr'><strong>negotium</strong></span> <span class='ocrx_word' id='word_1_187' title='bbox 1040 3095 1129 3159; x_wconf 71' lang='lat' dir='ltr'><strong>deuii</strong></span> 
     </span>
     <span class='ocr_line' id='line_1_28' title="bbox 130 3183 1129 3262; baseline 0.006 -18"><span class='ocrx_word' id='word_1_188' title='bbox 130 3185 284 3257; x_wconf 93' lang='lat' dir='ltr'><strong>bonorum,</strong></span> <span class='ocrx_word' id='word_1_189' title='bbox 306 3203 381 3262; x_wconf 86' lang='lat' dir='ltr'><strong>quac</strong></span> <span class='ocrx_word' id='word_1_190' title='bbox 401 3183 540 3259; x_wconf 85' lang='lat' dir='ltr'><strong>Pastores</strong></span> <span class='ocrx_word' id='word_1_191' title='bbox 562 3191 708 3259; x_wconf 87' lang='lat' dir='ltr'><strong>tenerent,</strong></span> <span class='ocrx_word' id='word_1_192' title='bbox 728 3187 879 3247; x_wconf 91' lang='lat' dir='ltr'><strong>mobilium</strong></span> <span class='ocrx_word' id='word_1_193' title='bbox 901 3194 935 3249; x_wconf 87' lang='lat' dir='ltr'><strong>et</strong></span> <span class='ocrx_word' id='word_1_194' title='bbox 953 3192 1129 3261; x_wconf 60' lang='lat' dir='ltr'><strong>immobilia</strong></span> 
     </span>
     <span class='ocr_line' id='line_1_29' title="bbox 129 3285 1129 3376; baseline 0.018 -32"><span class='ocrx_word' id='word_1_195' title='bbox 129 3285 205 3345; x_wconf 84' lang='lat' dir='ltr'><strong>intra</strong></span> <span class='ocrx_word' id='word_1_196' title='bbox 234 3285 454 3364; x_wconf 83' lang='lat' dir='ltr'><strong>quatuordecim</strong></span> <span class='ocrx_word' id='word_1_197' title='bbox 482 3286 546 3345; x_wconf 88' lang='lat' dir='ltr'><strong>dics</strong></span> <span class='ocrx_word' id='word_1_198' title='bbox 573 3287 604 3344; x_wconf 93' lang='lat' dir='ltr'><strong>in</strong></span> <span class='ocrx_word' id='word_1_199' title='bbox 633 3285 784 3364; x_wconf 90' lang='lat' dir='ltr'><strong>publicum</strong></span> <span class='ocrx_word' id='word_1_200' title='bbox 810 3287 1129 3376; x_wconf 77' lang='lat' dir='ltr'><strong>addicendorum,·lt</strong></span> 
     </span>
     <span class='ocr_line' id='line_1_30' title="bbox 130 3384 1129 3483; baseline 0.018 -38"><span class='ocrx_word' id='word_1_201' title='bbox 130 3391 301 3464; x_wconf 88' lang='lat' dir='ltr'><strong>storumque</strong></span> <span class='ocrx_word' id='word_1_202' title='bbox 331 3385 368 3444; x_wconf 92' lang='lat' dir='ltr'><strong>ob</strong></span> <span class='ocrx_word' id='word_1_203' title='bbox 395 3384 544 3465; x_wconf 84' lang='lat' dir='ltr'><strong>Apoclraa¹</strong></span> <span class='ocrx_word' id='word_1_204' title='bbox 560 3404 619 3446; x_wconf 96' lang='lat' dir='ltr'><strong>non</strong></span> <span class='ocrx_word' id='word_1_205' title='bbox 640 3388 836 3467; x_wconf 84' lang='lat' dir='ltr'><strong>subscriptas,</strong></span> <span class='ocrx_word' id='word_1_206' title='bbox 855 3389 898 3449; x_wconf 81' lang='lat' dir='ltr'><strong>in</strong></span> <span class='ocrx_word' id='word_1_207' title='bbox 919 3398 1076 3463; x_wconf 81' lang='lat' dir='ltr'><strong>exsilium</strong></span> <span class='ocrx_word' id='word_1_208' title='bbox 1091 3400 1129 3483; x_wconf 81' lang='lat' dir='ltr'><strong>¹cjl</strong></span> 
     </span>
     <span class='ocr_line' id='line_1_31' title="bbox 130 3485 1129 3577; baseline 0.005 -28"><span class='ocrx_word' id='word_1_209' title='bbox 130 3487 309 3549; x_wconf 90' lang='lat' dir='ltr'><strong>ciendorum.</strong></span> <span class='ocrx_word' id='word_1_210' title='bbox 361 3485 543 3547; x_wconf 77' lang='lat' dir='ltr'><strong>Provinciam</strong></span> <span class='ocrx_word' id='word_1_211' title='bbox 574 3487 651 3547; x_wconf 87' lang='lat' dir='ltr'><strong>lranc</strong></span> <span class='ocrx_word' id='word_1_212' title='bbox 678 3490 914 3568; x_wconf 73' lang='lat' dir='ltr'><strong>deprecabantur</strong></span> <span class='ocrx_word' id='word_1_213' title='bbox 936 3500 1074 3577; x_wconf 74' lang='lat' dir='ltr'><strong>quidem</strong></span> <span class='ocrx_word' id='word_1_214' title='bbox 1091 3502 1129 3565; x_wconf 73' lang='grc' dir='ltr'><strong>Μ.</strong></span> 
     </span>
     <span class='ocr_line' id='line_1_32' title="bbox 129 3587 1129 3685; baseline 0.01 -37"><span class='ocrx_word' id='word_1_215' title='bbox 129 3590 269 3667; x_wconf 68' lang='lat' dir='ltr'><strong>gisbotus</strong></span> <span class='ocrx_word' id='word_1_216' title='bbox 301 3587 502 3667; x_wconf 85' lang='lat' dir='ltr'><strong>Oppidorum,</strong></span> <span class='ocrx_word' id='word_1_217' title='bbox 543 3590 643 3650; x_wconf 91' lang='lat' dir='ltr'><strong>libello</strong></span> <span class='ocrx_word' id='word_1_218' title='bbox 671 3592 799 3672; x_wconf 79' lang='lat' dir='ltr'><strong>supplici</strong></span> <span class='ocrx_word' id='word_1_219' title='bbox 828 3594 866 3653; x_wconf 91' lang='lat' dir='ltr'><strong>ad</strong></span> <span class='ocrx_word' id='word_1_220' title='bbox 897 3598 1129 3685; x_wconf 59' lang='lat' dir='ltr'><strong>principem&amp;</strong></span> 
     </span>
     <span class='ocr_line' id='line_1_33' title="bbox 131 3688 1129 3783; baseline 0.009 -34"><span class='ocrx_word' id='word_1_221' title='bbox 131 3689 187 3749; x_wconf 64' lang='grc' dir='ltr'><strong>12.Δ</strong></span> <span class='ocrx_word' id='word_1_222' title='bbox 199 3688 279 3748; x_wconf 89' lang='lat' dir='ltr'><strong>Junii</strong></span> <span class='ocrx_word' id='word_1_223' title='bbox 304 3709 350 3748; x_wconf 88' lang='lat' dir='ltr'><strong>an.</strong></span> <span class='ocrx_word' id='word_1_224' title='bbox 376 3689 459 3749; x_wconf 70' lang='lat' dir='ltr'><strong>lota</strong></span> <span class='ocrx_word' id='word_1_225' title='bbox 488 3690 573 3765; x_wconf 90' lang='lat' dir='ltr'><strong>dato,</strong></span> <span class='ocrx_word' id='word_1_226' title='bbox 603 3692 682 3771; x_wconf 87' lang='lat' dir='ltr'><strong>quod</strong></span> <span class='ocrx_word' id='word_1_227' title='bbox 713 3695 833 3757; x_wconf 85' lang='lat' dir='ltr'><strong>crudele</strong></span> <span class='ocrx_word' id='word_1_228' title='bbox 861 3704 1036 3783; x_wconf 73' lang='lat' dir='ltr'><strong>putarent,</strong></span> <span class='ocrx_word' id='word_1_229' title='bbox 1065 3706 1129 3772; x_wconf 65' lang='lat' dir='ltr'><strong>mi</strong></span> 
     </span>
     <span class='ocr_line' id='line_1_34' title="bbox 129 3790 1129 3873; baseline 0.013 -22"><span class='ocrx_word' id='word_1_230' title='bbox 129 3808 199 3851; x_wconf 83' lang='lat' dir='ltr'><strong>suos</strong></span> <span class='ocrx_word' id='word_1_231' title='bbox 220 3790 381 3850; x_wconf 88' lang='lat' dir='ltr'><strong>animarum</strong></span> <span class='ocrx_word' id='word_1_232' title='bbox 402 3796 563 3865; x_wconf 84' lang='lat' dir='ltr'><strong>curatores,</strong></span> <span class='ocrx_word' id='word_1_233' title='bbox 585 3794 690 3871; x_wconf 88' lang='lat' dir='ltr'><strong>quibus</strong></span> <span class='ocrx_word' id='word_1_234' title='bbox 710 3795 782 3857; x_wconf 90' lang='lat' dir='ltr'><strong>dum</strong></span> <span class='ocrx_word' id='word_1_235' title='bbox 803 3815 855 3857; x_wconf 88' lang='lat' dir='ltr'><strong>eos</strong></span> <span class='ocrx_word' id='word_1_236' title='bbox 876 3814 1034 3869; x_wconf 82' lang='lat' dir='ltr'><strong>vocarent</strong></span> <span class='ocrx_word' id='word_1_237' title='bbox 1055 3826 1129 3873; x_wconf 72' lang='lat' dir='ltr'><strong>m</strong></span> 
     </span>
     <span class='ocr_line' id='line_1_35' title="bbox 129 3888 1129 3983; baseline 0.023 -35"><span class='ocrx_word' id='word_1_238' title='bbox 129 3910 221 3969; x_wconf 89' lang='lat' dir='ltr'><strong>raque</strong></span> <span class='ocrx_word' id='word_1_239' title='bbox 243 3888 415 3967; x_wconf 87' lang='lat' dir='ltr'><strong>deferrent,</strong></span> <span class='ocrx_word' id='word_1_240' title='bbox 445 3892 641 3970; x_wconf 88' lang='lat' dir='ltr'><strong>patrocinium</strong></span> <span class='ocrx_word' id='word_1_241' title='bbox 662 3900 693 3954; x_wconf 86' lang='lat' dir='ltr'><strong>et</strong></span> <span class='ocrx_word' id='word_1_242' title='bbox 714 3894 917 3958; x_wconf 84' lang='lat' dir='ltr'><strong>defensionem</strong></span> <span class='ocrx_word' id='word_1_243' title='bbox 944 3910 1061 3983; x_wconf 79' lang='lat' dir='ltr'><strong>quovis</strong></span> <span class='ocrx_word' id='word_1_244' title='bbox 1081 3918 1129 3973; x_wconf 79' lang='lat' dir='ltr'><strong>tar</strong></span> 
     </span>
     <span class='ocr_line' id='line_1_36' title="bbox 129 3990 1129 4093; baseline 0.021 -44"><span class='ocrx_word' id='word_1_245' title='bbox 129 4008 204 4068; x_wconf 89' lang='lat' dir='ltr'><strong>pore</strong></span> <span class='ocrx_word' id='word_1_246' title='bbox 224 3996 257 4051; x_wconf 86' lang='lat' dir='ltr'><strong>et</strong></span> <span class='ocrx_word' id='word_1_247' title='bbox 277 3991 434 4052; x_wconf 82' lang='lat' dir='ltr'><strong>occasione</strong></span> <span class='ocrx_word' id='word_1_248' title='bbox 461 3990 556 4051; x_wconf 82' lang='lat' dir='ltr'><strong>literis</strong></span> <span class='ocrx_word' id='word_1_249' title='bbox 586 3993 743 4073; x_wconf 86' lang='lat' dir='ltr'><strong>sigilloque</strong></span> <span class='ocrx_word' id='word_1_250' title='bbox 764 4000 868 4059; x_wconf 85' lang='lat' dir='ltr'><strong>coetus</strong></span> <span class='ocrx_word' id='word_1_251' title='bbox 889 4000 1024 4078; x_wconf 81' lang='lat' dir='ltr'><strong>publico</strong></span> <span class='ocrx_word' id='word_1_252' title='bbox 1046 4012 1129 4093; x_wconf 86' lang='lat' dir='ltr'><strong>proni</strong></span> 
     </span>
    </p>
   </div>
   <div class='ocr_carea' id='block_1_3' title="bbox 0 0 1276 4694">
    <p class='ocr_par' dir='ltr' id='par_1_3' title="bbox 0 0 1276 4694">
     <span class='ocr_line' id='line_1_37' title="bbox 0 0 1276 4694; baseline 0 0"><span class='ocrx_word' id='word_1_253' title='bbox 0 0 1276 4694; x_wconf 95' lang='lat' dir='ltr'><strong> </strong></span> 
     </span>
    </p>
   </div>
  </div>
 </body>
</html>
