2544 4694
606 359 650 422 4⁰

521 438 723 451 m-

36 610 40 621 ,
117 533 285 616 quempiam
314 529 504 592 condemnari
534 532 654 590 vetent:
683 535 783 589 tamen
814 526 951 607 quonium
979 523 1142 588 interritus

116 655 221 697 eorum
249 633 308 694 fuit
333 631 486 694 condictus
515 630 646 690 criminis
676 628 776 689 laesae
803 628 970 709 majestatis
997 629 1045 688 rei
1066 633 1143 690 sunt

115 732 312 817 pronunciati.
368 732 412 793 Ut
437 731 514 793 tales
542 750 611 791 sese
637 730 865 805 confiterentur,
902 735 991 808 atque
1019 731 1144 809 gratioe

115 836 231 918 Regiae
259 835 482 909 submitterent,
514 829 635 893 Judioes
666 830 847 913 magnopere
874 831 1029 909 urgebunt.
1073 830 1140 892 Sed

70 962 74 973 ·
117 958 185 1002 oum
212 938 353 1013 Pastores
383 918 496 1021 moscii
523 954 581 997 nou
605 940 749 1019 possent,
782 939 815 993 ut
839 932 917 994 falso
945 933 1002 993 sibi
1023 939 1140 1010 notam,

119 1058 178 1120 que
198 1039 351 1113 vacabant,
372 1038 535 1111 inurerent,
556 1030 615 1096 du'o
636 1037 680 1096 eis
696 1034 884 1113 Apocharum
898 1031 1142 1118 (Reversalium)

118 1140 299 1222 exemplaria
326 1140 584 1221 proponebantur,
611 1136 691 1197 aliud
721 1136 841 1216 quidem
873 1137 909 1196 ab
930 1137 979 1196 his
1000 1137 1141 1199 subscri-

41 1320 45 1327 ·
117 1243 264 1321 bendum,
286 1242 386 1323 quiin
407 1260 499 1321 regno
520 1259 642 1300 manere
662 1238 787 1313 vellent,
809 1237 888 1298 aliud
909 1240 947 1299 eb
967 1239 1004 1299 iis
1023 1239 1142 1301 subno-

118 1345 258 1420 tsndum,
279 1345 330 1424 qui
349 1344 381 1404 in
395 1341 537 1403 *exsilium
558 1342 627 1421 ejici
646 1339 777 1401 mellent.
808 1335 941 1419 'Utrique
962 1340 1143 1424 Stlpulutlo-

117 1463 188 1506 uum
209 1447 385 1525 scripturum
405 1444 529 1523 generi,
545 1443 603 1503 hoo
625 1459 780 1502 commune
799 1439 874 1515 fuit,
902 1441 982 1521 quod
1009 1443 1062 1521 qui
1086 1461 1143 1505 eas

7 1540 11 1549 ’
118 1536 337 1625 subsignarent,
356 1542 569 1622 perduellionis
590 1561 660 1602 reos
681 1560 837 1622 poenaque
853 1543 959 1623 dignos
976 1562 1045 1604 sose
1065 1546 1144 1607 con·

118 1645 289 1708 litebantur.
332 1644 474 1705 Ceterum
494 1643 570 1703 aliae
590 1642 674 1722 leges
696 1643 734 1703 iis
755 1644 979 1720 scribebantur,
1009 1645 1063 1725 qni
1085 1654 1144 1726 ps·

117 1749 206 1809 biam
227 1747 368 1807 deserere
388 1745 525 1821 mallent,
546 1745 626 1805 aliud
647 1745 684 1806 ab
705 1746 742 1836 iis
763 1747 962 1824 poscebatur,
983 1747 1035 1826 qui
1057 1749 1144 1809 exsi-

117 1849 191 1910 lium
201 1848 399 1928 praeferrent.
434 1847 554 1908 Priores
568 1866 645 1907 sese
666 1845 767 1907 officio
789 1846 924 1926 obliga're'
938 1848 1143 1928 jubebantur,

26 1970 30 1980 ·
106 1970 224 2015 ¹munus
246 1969 362 2012 suorum
383 1950 536 2030 ejurandi,
566 1939 632 2029 regi
661 1950 752 2010 fidem
773 1949 910 2010 servandi
930 1954 961 2009 et
979 1932 1145 2030 comperta

118 2051 354 2114 adversariorum
374 2042 537 2128 molimina,
564 2052 773 2132 patefaciendi.
823 2052 1039 2114 Posterioribus
1055 2053 1145 2117 :luo

117 2174 171 2215 rae
191 2155 279 2216 liberi
300 2141 647 2232 commestus,=noru1isi
680 2174 717 2215 ea
748 2155 803 2216 sub
833 2154 1002 2215 conditione
1022 2155 1145 2220 offere-

53 2238 56 2249 '
119 2255 240 2339 bantur,
262 2257 289 2318 si
309 2258 508 2336 sponderent,
538 2258 616 2337 quod
642 2258 811 2337 quindecim
832 2257 948 2318 dierum
968 2248 1159 2337 interuallo,¹

38 2408 42 2417 .
119 2377 212 2438 reguo
243 2378 309 2418 cum
340 2358 453 2420 familie
482 2364 513 2420 et
543 2359 761 2440 impedimentis
777 2359 847 2419 itu·
863 2359 1011 2420 excedere
1031 2362 1142 2438 velim,

119 2456 310 2539 utnunquam
323 2459 658 2539 amplius-revertantur.
689 2461 758 2521 Non
776 2461 935 2522 defuerunt
950 2438 1148 2542 quierunt·¹

118 2561 163 2622 vis
183 2561 292 2623 nullius
314 2561 418 2640 culpae
438 2557 495 2622 sibi
517 2562 643 2637 conscii,
675 2552 726 2622 vel'
752 2563 862 2643 prioris
890 2561 938 2622 vel
958 2565 1144 2642 posterioris

120 2662 231 2722 ordinis
271 2662 409 2742 Apoolras
442 2663 680 2738 subscriberent,
721 2681 788 2742 quo.
811 2664 976 2743 graviorem
1005 2682 1145 2745 poenam

120 2762 372 2842 subterfugerent.
413 2762 556 2824 Tercenti
581 2770 681 2834 tamen
712 2765 927 2844 propemodum
945 2750 1145 2830 innocentiae

65 2878 67 2885 ’
120 2884 193 2926 suae
224 2866 330 2926 contisi
349 2871 399 2948 ,et
417 2866 475 2926 hac
506 2865 546 2926 de
567 2885 657 2927 causa
676 2869 724 2927 sui
743 2866 1146 2949 liberationem-sperantur,

58 2986 62 3001 ⁴
120 2984 187 3034 nec¹
202 2968 348 3027 rationem
375 2967 529 3044 videntes,
561 2969 598 3029 ob
626 2988 713 3047 quom
741 2988 810 3029 sese
828 2969 994 3033 ministerio
1015 2969 1144 3033 abdicor

119 3073 205 3144 rent,
227 3072 317 3147 atque
336 3069 379 3129 its
398 3069 540 3129 tacite-in
560 3069 738 3150 templorum
767 3070 900 3151 rupinum
920 3072 1144 3152 consentirent,

119 3162 209 3230 nullis
246 3170 385 3250 precibus
426 3170 574 3250 nullisque
602 3171 750 3234 terriculis
790 3172 829 3232 ad
860 3190 969 3252 nomen
999 3172 1144 3252 Apoubis

119 3270 334 3331 subnotandum
361 3271 461 3332 induci
490 3276 637 3363 poterant.
690 3272 850 3335 Enimvero
879 3273 1001 3334 nimium
1033 3292 1092 3338 eoa
1120 3297 1145 3342 ι

117 3370 235 3450 justitia
255 3378 286 3432 et
307 3374 456 3452 aeqrritete
473 3371 628 3447 Judicum,
651 3374 707 3435 sibi
726 3374 873 3454 pollicitos
893 3350 995 3436 luisse
1010 3383 1145 3441 eventus

121 3472 229 3534 docuit.
280 3473 379 3552 Quod
386 3495 513 3555 namque
535 3475 729 3556 cognitores,
757 3477 807 3556 qui
821 3497 883 3556 pro
906 3477 1001 3557 glorie
1020 3477 1082 3540 bei
1102 3484 1146 3544 se

120 3590 308 3653 propugnare
335 3575 526 3652 simrdabont,
568 3598 586 3638 a
611 3577 710 3638 studio
740 3596 825 3644 suum
847 3579 954 3658 cuique
982 3568 1144 3647 tribuendi

40 3723 42 3730 .
120 3674 209 3755 longe
229 3674 350 3738 fuerunt
370 3677 468 3754 elicui,
489 3697 526 3738 eo
547 3680 783 3758 comprobarunt,
807 3680 886 3759 quod
907 3699 981 3759 quos
1001 3682 1039 3741 ad
1062 3683 1141 3744 sub·

120 3778 263 3841 notandos
291 3777 430 3856 Apochas
459 3781 626 3860 perducere
655 3799 716 3842 uon
742 3787 879 3861 poteraut
905 3781 1062 3844 Ministros
1084 3786 1160 3851 die.

121 3872 242 3957 quarte,
263 3877 410 3941 Rectores
431 3900 503 3942 vero
525 3881 574 3941 die
595 3888 679 3942 sexta
692 3883 804 3962 Aprilis
825 3902 901 3944 anno
922 3885 1005 3945 loss
1026 3888 1140 3965 cupitis
1170 3898 1174 3906 '

121 3979 346 4053 damnaverint.
393 3980 583 4063 l’r'omulgato
597 3983 705 4045 bucce
738 3986 907 4067 sententis,
945 3986 1141 4065 mosomus
