2544 4694
535 434 629 449 *w*
643 440 671 447 --ι
686 436 739 449 ¹*-

130 528 261 593 eesaarls
282 524 426 601 sealillcla,
447 544 502 587 seu
522 526 553 587 ln
574 526 696 589 alendos
723 518 762 589 Vss
782 524 820 589 n.
843 526 1038 591 Milrlstruua
1057 534 1087 592 et
1101 528 1139 591 lr

131 632 335 711 sllmagistrnm
367 628 478 690 oll'erre
508 628 609 689 velint.
659 630 851 693 Relationem
873 630 978 693 talem
1001 632 1139 693 luatimatm

130 732 226 795 lancee
254 730 382 791 Excelso
410 728 558 804 consilio,
588 750 656 791 curn
676 732 816 811 opinione
837 734 991 793 sulsmittl
1012 734 1138 813 praecipi,
1161 806 1169 822 h

131 835 212 915 qnod
233 835 401 915 petentibus
421 833 469 893 acl
490 832 667 907 satisfaciet,
688 834 737 895 sel
757 854 868 915 preces
890 854 1009 896 eornm
1030 836 1138 915 repuli

130 937 185 997 lait.
212 968 256 981 --
286 934 399 995 Stolam
431 954 548 1013 quoqne
585 933 734 1013 loseplms
772 934 951 1015 Imperator
992 935 1136 995 Pastorilu

130 1035 292 1097 'l'reslccim
314 1034 478 1115 Oppidsnls
500 1034 604 1094 lubens
633 1033 855 1115 adjudicasset,
885 1036 917 1095 si
952 1054 1014 1116 per
1045 1036 1136 1097 ctu·

131 1136 273 1199 licunsct.
328 1137 389 1195 Sctl
411 1136 547 1215 quioniam
575 1135 662 1195 hicce
683 1137 809 1209 restitit,
839 1135 962 1197 Edicto
984 1138 1017 1197 sl.
1039 1138 1070 1197 (l.
1087 1136 1135 1197 Ns.

131 1238 216 1300 1183
243 1238 367 1299 eandem
389 1237 529 1297 l‘aroclris
561 1234 888 1299 Romano-Catholicis
922 1238 1010 1299 ultra
1042 1236 1135 1301 dinnll
1161 1282 1170 1316 ‚-

132 1341 287 1423 praecipit.

215 1434 342 1503 (lmrlnc
362 1448 460 1505 cutem
482 1440 572 1506 dubio
594 1450 684 1519 curet,
704 1444 869 1525 loseplsum
886 1444 1066 1509 cacssrem
1079 1444 1136 1527 plau

129 1544 345 1609 benivolentiae
376 1564 448 1606 suae
476 1564 548 1625 erga
574 1546 767 1627 Evangelicos
789 1546 960 1608 'l'rcalecim
984 1546 1160 1629 Oppidani.

130 1648 331 1711 exlribiturum
350 1646 445 1706 irrisae
466 1647 658 1720 documenta,
679 1649 715 1723 si,
736 1647 934 1725 sisciebat,
968 1646 1135 1730 semperl

130 1767 203 1810 cere
232 1750 387 1828 potuisset.
448 1747 509 1807 Sed
540 1748 591 1809 ille
617 1730 802 1828 ipsc'nimia
829 1748 918 1815 Cleri
940 1750 1134 1829 potentioris

130 1868 213 1912 susm
241 1849 492 1929 circumscriptam
521 1850 615 1910 scrisit
641 1856 673 1909 et
703 1850 807 1910 ‹lolens
838 1851 1067 1913 animadvertit
1091 1870 1134 1933 pn

130 1950 383 2013 rerbimnhoccec
397 1950 510 2030 „Regis
525 1950 563 2010 ad
580 1942 830 2031 exemplumtotns
838 1954 1045 2032 componitur
1052 1954 1134 2025 orbis·
1160 2018 1164 2029 ,

130 2052 169 2113 nal
201 2052 376 2131 sequidem
404 2058 435 2112 et
463 2070 565 2111 omnes
594 2051 729 2113 homines
755 2052 880 2131 imperio
910 2073 973 2113 sno
1005 2056 1134 2117 obnoxia

130 2155 246 2215 ratione
265 2153 431 2232 aequitatis,
451 2172 538 2231 quiam
561 2172 615 2213 nos
637 2154 667 2212 in
688 2172 740 2213 cos
761 2154 864 2213 testari
887 2162 1039 2233 oportet,
1061 2156 1134 2237 quii

129 2255 219 2317 rebus
247 2254 398 2334 religionis
435 2272 495 2313 non
530 2254 561 2312 in
598 2258 728 2313 nostrum
766 2253 928 2315 discedunt
961 2257 1135 2325 sententian

130 2356 288 2418 transferri
316 2373 375 2413 nou
402 2373 503 2434 posse.
557 2355 643 2415 Putet
671 2354 748 2415 haec
779 2354 880 2434 tlispar
912 2356 1133 2421 Dicasteriom

130 2459 206 2519 ratio
234 2478 251 2517 n
272 2455 417 2533 Principis
438 2455 583 2515 sentiendi
603 2456 808 2534 statuendique
828 2455 930 2531 modo,
953 2460 1011 2519 vel
1034 2480 1073 2521 ex
1088 2458 1134 2521 lat·

129 2565 210 2619 mato
230 2556 305 2629 lixo.
328 2556 452 2616 Consilii
479 2558 517 2616 sd
543 2557 723 2637 lglovieuses
755 2558 786 2617 d.
813 2556 866 2617 2³.
894 2559 982 2639 Aug.
1018 2562 1134 2625 Μὴ

131 2679 220 2723 consa
241 2659 415 2721 Sclrolsrum
445 2659 583 2736 diruisse,
605 2661 715 2739 inquo
737 2680 878 2739 expresse
901 2664 1076 2744 asseritur,
1099 2682 1135 2745 p

131 2762 243 2825 blicam
263 2760 413 2840 religionis
435 2762 606 2821 exercitium
623 2761 781 2822 'l'rctlecim
795 2761 966 2841 oppidanis
992 2784 1058 2829 nou
1077 2782 1135 2829 αι·

131 2868 254 2944 petere,
284 2864 392 2941 partim
420 2863 504 2937 ideo,
535 2863 613 2942 quod
645 2863 728 2923 annis
761 2864 845 2923 tona
870 2869 904 2923 et
934 2866 1033 2929 16⁰8
1054 2867 1136 2949 qun!

130 2962 315 3041 Evangelicis
336 2964 366 3022 iu
387 2963 537 3041 llnngsris
558 2963 635 3022 liber
655 2982 805 3023 sacrorum
825 2982 900 3023 usus
924 2970 1137 3031 conceslelaal!

130 3064 258 3125 Polome
289 3065 405 3124 obnoxii
432 3064 543 3125 luerint
573 3065 788 3139 lurisdictioui3
818 3066 927 3143 partim
959 3069 1058 3147 ideo,
1079 3066 1137 3151 qasl

129 3164 279 3247 publicum
300 3184 451 3226 accrorum
466 3166 537 3245 jus,
567 3166 598 3225 in
619 3166 762 3244 Sccpnsio
791 3172 913 3245 praeter
944 3168 1071 3237 liberm
1094 3170 1137 3233 lt·
1167 3160 1180 3235 ⁸.

129 3268 252 3347 giasque
274 3267 408 3327 civitates
434 3266 471 3325 sd
500 3267 558 3327 ‹luo
586 3267 703 3325 nonnisi
729 3266 793 3325 loca
819 3264 1014 3333 Articularia
1041 3274 1084 3335 sit
1105 3288 1139 3335 re

129 3370 283 3442 strictum3
312 3368 419 3446 partim
447 3367 530 3441 ideo,
560 3366 637 3445 qnod
667 3346 820 3426 decretum
847 3364 1003 3433 Stenislui
1024 3370 1140 3435 llud
1173 3390 1180 3404 ·

131 3468 319 3529 Lnbomirslti
340 3468 400 3527 ‹liei
425 3466 477 3525 29.
498 3466 569 3526 lulii
596 3486 642 3526 un.
665 3467 749 3527 lons
769 3465 846 3545 qrtod
866 3464 1047 3537 Treslecim
1066 3472 1141 3557 oppl-

131 3568 215 3631 slauis
250 3568 480 3648 mllrsgsbatur,
515 3574 640 3647 urgente
673 3566 827 3648 Leopoldo
854 3567 1058 3649 imperatum
1083 3592 1143 3641 m

130 3671 237 3731 eodem
259 3670 306 3730 (lie
327 3652 357 3729 5.
379 3668 463 3745 Sept.
483 3675 653 3729 revocatum
672 3669 846 3747 irritumque
865 3678 1143 3745 pronunciatum

129 3790 187 3851 per
206 3770 397 3829 Theodorum
424 3769 645 3829 Coustsntinnm
671 3768 875 3843 Lanuuium,
903 3790 1006 3839 omne
1036 3796 1144 3862 prom

130 3878 280 3934 semorum
308 3872 360 3953 jus
398 3872 562 3948 subletum,
601 3878 690 3953 atque
719 3870 834 3931 nonnisi
866 3876 1068 3958 tempestate
1097 3898 1145 3945 mn·
