2544 4694
615 384 680 448 tto

108 566 113 607 t
138 562 309 631 communes
329 552 526 615 necessitates
549 558 581 614 et
599 553 781 633 indigentiae
794 551 1156 632 requretantfflseaer.

108 650 232 739 iubasee
252 674 422 717 communes
442 657 587 734 pecuniae
601 655 784 730 collationes,
805 675 860 734 pro
873 657 987 715 ratione
998 656 1155 727 redituum.

111 812 115 819 .
137 756 249 837 singuli
268 756 414 837 cujusque
439 755 556 829 linitas,
587 755 709 816 Fratres
731 756 770 815 in
791 758 1005 817 consortionem
1025 756 1151 835 recepti,

108 858 209 939 ¹slnm
230 858 348 919 nomina
369 858 448 918 Albo
468 857 685 932 inscribebant,
714 877 751 917 ex
773 858 890 919 Statuto
919 860 951 920 9.
971 859 1046 920 Non.
1068 857 1151 918 1680

132 978 238 1034 nuum,
259 960 297 1020 ab
318 978 395 1020 anuo
416 978 488 1021 vero
510 959 593 1019 1620
613 961 743 1038 quinque
763 958 907 1020 Florenos
929 960 1044 1021 solvere
1064 965 1148 1020 teue-

132 1060 265 1123 bantnr..
305 1060 445 1121 Accessit
475 1068 631 1139 praeterea
654 1059 750 1120 Fiscc
779 1059 918 1121 Fratrum
945 1062 1079 1122 nonnihil
1106 1080 1156 1122 cr.

134 1161 275 1237 mulctis,
321 1181 395 1241 quas
416 1162 437 1221 ii
457 1162 627 1235 solvebant,
656 1162 707 1241 qui
727 1161 781 1221 vel
811 1163 896 1221 vitio.
912 1164 1049 1242 quopiam
1076 1182 1147 1224 sese

134 1264 392 1339 eonismiuarunt,
412 1262 506 1323 vel'
481 1282 546 1324 sune
568 1282 657 1322 causa
678 1263 868 1323 sufficieuti'
858 1283 890 1323 ιιι
912 1263 1149 1345 congregatione

135 1350 277 1427 manau
297 1384 472 1444 comparere
491 1363 694 1443 neglexerunt.
962 1416 965 1423 ,

108 1502 112 1531 ι
223 1464 279 1527 Aa
305 1466 448 1528 literaria
477 1464 704 1526 Fraternitctis
731 1463 855 1547 Vaginti
882 1465 1025 1542 ’ριιιιιιιιι
1045 1416 1157 1548 Mega-2

108 1598 115 1641 t
134 1566 215 1629 ttae·
233 1574 446 1629 momentu
452 1574 486 1628 ct
505 1566 690 1627 documenta
709 1567 784 1630 boec
802 1569 1056 1647 pertinebant·

108 1702 115 1741 ,
223 1669 263 1729 1..
269 1668 456 1729 Matn'culc
475 1653 1156 1748 aetm,aotgo.Mottosaoa‚am0152o.

110 1792 156 1835 a
167 1768 331 1831 huenen
344 1769 450 1830 lodoci
462 1769 657 1849 Hyldebrand
678 1771 717 1830 de
726 1768 976 1850 Wogendr'osacl,
998 1776 1062 1832 tum
1082 1770 1149 1833 Ple-

108 1870 216 1947 ‚bano
242 1871 276 1931 in
302 1870 374 1951 lglo,
403 1872 495 1935 scribi
525 1877 640 1951 coepta.
682 1872 782 1931 Habet
809 1872 955 1932 tituluma.
973 1872 1066 1933 Liber
1095 1880 1158 1934 seu'

108 1986 120 2049 ,1
135 1970 311 2053 Registmm
337 1972 547 2034 Fraternitatis
575 1970 687 2052 Viginti
701 1972 849 2048 'Quatuor
869 1972 1024 2052 Regalinm
1045 1972 1176 2048 Plebs,

108 2092 247 2151 ..norum
265 2074 297 2136 in
322 2073 437 2153 Scepns
458 2074 489 2134 in
509 2093 544 2134 se
564 2073 717 2133 continens
730 2072 874 2153 Recepta,
895 2072 979 2148 Data,
997 2074 1151 2154 Exposita,

108 2174 225 2253 μαι,
245 2193 282 2235 ac
301 2175 397 2234 omnia
417 2173 509 2234 Facta
529 2173 666 2253 ejusdem
685 2172 838 2234 laudabilis
859 2173 1080 2249 reseratam,
1100 2195 1152 2235 or-

135 2276 271 2339 slinatnm
297 2293 353 2355 per
382 2273 593 2335 llonorabilem
624 2273 781 2335 Dominum
818 2274 1009 2336 Laurentium
1036 2275 1161 2354 tlylde.

108 2374 245 2479 phuni
264 2376 304 2437 sle
323 2374 571 2455 Wogcndrtiszel,
592 2394 648 2453 pro
679 2381 762 2436 tunc
781 2375 978 2438 Plebauum'
968 2396 1000 2437 m
1027 2375 1089 2458 lglo
1119 2383 1152 2438 et

108 2478 296 2560 'Seniorcm
316 2476 521 2538 Fraternitatis
542 2466 579 2537 ab
600 2495 677 2536 anno
697 2475 800 2537 1526.

108 2618 114 2657 ,
223 2578 256 2641 2.
278 2578 448 2640 bbetriculo
468 2598 577 2641 recens
598 2596 680 2639 cano
701 2579 785 2639 1666
806 2549 949 2642 meinata
969 2599 989 2640 c
1012 2578 1056 2641 M.
1080 2579 1152 2640 Joc-

128 2681 238 2747 disan
269 2680 392 2741 Golcss‘o
419 2679 702 2759 Dragenburgeresi
730 2679 901 2756 Morcbico,
930 2681 1053 2743 Pastore
1074 2680 1152 2761 lgio-

125 2783 244 2847 vtcnsl.
300 2780 377 2861 Ejus
398 2779 552 2859 lnsodptio
573 2783 635 2840 est:
658 2778 760 2841 Codex
778 2800 871 2842 novus
892 2781 1018 2862 Accepti
1039 2787 1071 2843 et
1090 2782 1151 2843 Ex-

128 2883 245 2967 μή,
265 2879 426 2944 Factomm
446 2887 477 2943 et
498 2879 696 2941 Consiliorum
716 2883 942 2962 praecipuorum
963 2866 1150 2945 Venerabilis

126 2984 345 3049 lumniam
374 2980 488 3062 Viginti
515 2981 647 3059 Quatnor
673 2980 828 3043 Pastorum
848 2982 1005 3062 Regalinm
1025 2984 1056 3044 in
1078 2984 1152 3046 Sce-

126 3088 235 3173 μείω,
264 3085 422 3147 inchoatus
443 3105 461 3145 a
480 3083 525 3147 Μ.
546 3083 698 3145 Joacbimo
719 3084 860 3159 Golcsio,
890 3084 1153 3166 Drageubnrgeusi

115 3188 304 3263 Marcbico,
324 3186 448 3249 Pastore
468 3186 625 3247 Ecclesiae
643 3183 717 3259 Dei,
738 3204 814 3264 quae
836 3191 884 3247 est
902 3185 1067 3261 Neocomii,
1086 3194 1153 3247 tuna

112 3290 283 3371 mporis
304 3288 477 3351 Seniorea.
497 3268 589 3349 1606.
631 3287 688 3347 Est
707 3288 816 3367 prioris
838 3288 1057 3349 continuatio...
1159 3320 1163 3329 ·

223 3392 255 3453 8.
279 3390 450 3452 Matriccln
474 3389 630 3451 (tredecim
654 3388 858 3470 oppidorum,
887 3409 977 3469 quam
1004 3388 1084 3451 iden
1106 3388 1163 3451 Μ..

130 3492 243 3557 Jcoeb.
273 3493 367 3555 ectaz
385 3510 447 3551 no.
470 3491 554 3552 16⁰4
580 3490 748 3564 inchoavit,
784 3508 974 3551 successores
993 3491 1026 3551 in
1047 3490 1152 3553 Senio-

130 3598 182 3661 rta
202 3595 363 3675 (lignitate,
384 3593 423 3655 ad
445 3586 551 3653 annum
571 3612 667 3673 nsque
688 3592 772 3653 lost
792 3591 1007 3653 continuarunt.
1049 3591 1151 3653 Gonti-

130 3703 190 3763 n'et
216 3698 376 3759 biatcriam
393 3715 501 3767 ,rerum
528 3694 761 3756 memorabilium
796 3693 925 3755 utilium
951 3700 982 3755 et
1011 3692 1152 3755 accesu-

130 3800 297 3874 stiecrum,
330 3797 368 3859 ad
390 3795 550 3857 Tredecim
570 3795 686 3876 Oppida
706 3795 925 3875 pertinentium.
966 3795 1042 3875 lljus
1063 3794 1153 3855 index

130 3906 202 3965 ests
230 3900 390 3963 Matricula
411 3898 570 3959 Tredecim
602 3898 784 3978 oppidorum
815 3916 870 3957 seu
900 3896 1001 3957 Codex
1026 3894 1152 3973 Accepti

129 4010 170 4067 et
190 4002 323 4083 Expensi
346 4002 503 4062 Actiacum
529 4003 602 4062 item
632 4006 663 4061 et
683 3998 902 4074 Molestiarum,
931 3996 1152 4058 Gravamiuum·
