<?xml version="1.0" encoding="UTF-8"?>
<!DOCTYPE html PUBLIC "-//W3C//DTD XHTML 1.0 Transitional//EN"
    "http://www.w3.org/TR/xhtml1/DTD/xhtml1-transitional.dtd">
<html xmlns="http://www.w3.org/1999/xhtml" xml:lang="en" lang="en">
 <head>
  <title>
</title>
<meta http-equiv="Content-Type" content="text/html;charset=utf-8" />
  <meta name='ocr-system' content='tesseract 3.04.00' />
  <meta name='ocr-capabilities' content='ocr_page ocr_carea ocr_par ocr_line ocrx_word'/>
</head>
<body>
  <div class='ocr_page' id='page_1' title='image "./historiaecclesi00munygoog_0101.png"; bbox 0 0 2544 4694; ppageno 0'>
   <div class='ocr_carea' id='block_1_1' title="bbox 605 402 806 417">
    <p class='ocr_par' dir='ltr' id='par_1_1' title="bbox 605 402 806 417">
     <span class='ocr_line' id='line_1_1' title="bbox 605 402 806 417; baseline -0.015 -1"><span class='ocrx_word' id='word_1_1' title='bbox 605 402 806 417; x_wconf 52' lang='lat' dir='ltr'><strong>unu—*um</strong></span> 
     </span>
    </p>
   </div>
   <div class='ocr_carea' id='block_1_2' title="bbox 181 442 1220 674">
    <p class='ocr_par' dir='ltr' id='par_1_2' title="bbox 181 442 1220 674">
     <span class='ocr_line' id='line_1_2' title="bbox 181 442 1220 574; baseline 0 -20"><span class='ocrx_word' id='word_1_2' title='bbox 181 442 370 565; x_wconf 60' lang='lat' dir='ltr'><strong>&#39;Viermcdsh</strong></span> <span class='ocrx_word' id='word_1_3' title='bbox 401 489 536 551; x_wconf 79' lang='lat' dir='ltr'><strong>Articqu</strong></span> <span class='ocrx_word' id='word_1_4' title='bbox 557 490 587 550; x_wconf 86' lang='lat'><strong>1.</strong></span> <span class='ocrx_word' id='word_1_5' title='bbox 618 488 739 551; x_wconf 71' lang='lat' dir='ltr'><strong>vomit:</strong></span> <span class='ocrx_word' id='word_1_6' title='bbox 755 492 822 551; x_wconf 77' lang='lat' dir='ltr'><strong>arani</strong></span> <span class='ocrx_word' id='word_1_7' title='bbox 853 488 951 567; x_wconf 60' lang='lat' dir='ltr'><strong>loom</strong></span> <span class='ocrx_word' id='word_1_8' title='bbox 975 490 1120 553; x_wconf 78' lang='lat' dir='ltr'><strong>Articulo</strong></span> <span class='ocrx_word' id='word_1_9' title='bbox 1149 492 1220 574; x_wconf 59' lang='lat' dir='ltr'><strong>&#39;sta</strong></span> 
     </span>
     <span class='ocr_line' id='line_1_3' title="bbox 195 589 1220 674; baseline 0.004 -22"><span class='ocrx_word' id='word_1_10' title='bbox 195 592 293 666; x_wconf 77' lang='lat'>16183</span> <span class='ocrx_word' id='word_1_11' title='bbox 308 591 377 651; x_wconf 62' lang='lat'><strong>22:</strong></span> <span class='ocrx_word' id='word_1_12' title='bbox 389 589 487 664; x_wconf 71' lang='lat'>16253</span> <span class='ocrx_word' id='word_1_13' title='bbox 503 590 569 651; x_wconf 66' lang='lat' dir='ltr'><strong>dd:</strong></span> <span class='ocrx_word' id='word_1_14' title='bbox 588 589 685 663; x_wconf 57' lang='lat' dir='ltr'><strong>little</strong></span> <span class='ocrx_word' id='word_1_15' title='bbox 706 590 777 651; x_wconf 46' lang='lat' dir='ltr'><strong>29st</strong></span> <span class='ocrx_word' id='word_1_16' title='bbox 792 590 891 666; x_wconf 69' lang='lat'><strong>16353</strong></span> <span class='ocrx_word' id='word_1_17' title='bbox 903 590 971 653; x_wconf 72' lang='lat' dir='ltr'><strong>sb:</strong></span> <span class='ocrx_word' id='word_1_18' title='bbox 989 594 1095 669; x_wconf 70' lang='lat'>16813</span> <span class='ocrx_word' id='word_1_19' title='bbox 1112 592 1220 674; x_wconf 77' lang='lat' dir='ltr'><strong>Iliplo·</strong></span> 
     </span>
    </p>
   </div>
   <div class='ocr_carea' id='block_1_3' title="bbox 95 684 1221 773">
    <p class='ocr_par' dir='ltr' id='par_1_3' title="bbox 95 684 1221 773">
     <span class='ocr_line' id='line_1_4' title="bbox 95 684 1221 773; baseline 0.004 -18"><span class='ocrx_word' id='word_1_20' title='bbox 95 693 103 711; x_wconf 84' lang='lat'><strong>¹</strong></span> <span class='ocrx_word' id='word_1_21' title='bbox 192 693 279 755; x_wconf 87' lang='lat' dir='ltr'><strong>matis</strong></span> <span class='ocrx_word' id='word_1_22' title='bbox 306 693 487 753; x_wconf 84' lang='lat' dir='ltr'><strong>Fordinandi</strong></span> <span class='ocrx_word' id='word_1_23' title='bbox 514 692 549 753; x_wconf 92' lang='lat' dir='ltr'><strong>ll.</strong></span> <span class='ocrx_word' id='word_1_24' title='bbox 586 690 761 754; x_wconf 80' lang='lat' dir='ltr'><strong>Conditione</strong></span> <span class='ocrx_word' id='word_1_25' title='bbox 789 684 884 773; x_wconf 86' lang='lat' dir='ltr'><strong>prima</strong></span> <span class='ocrx_word' id='word_1_26' title='bbox 911 701 943 755; x_wconf 93' lang='lat' dir='ltr'><strong>et</strong></span> <span class='ocrx_word' id='word_1_27' title='bbox 975 701 1080 771; x_wconf 81' lang='lat' dir='ltr'><strong>sexta,</strong></span> <span class='ocrx_word' id='word_1_28' title='bbox 1112 694 1221 759; x_wconf 78' lang='lat' dir='ltr'><strong>Ferdi</strong></span> 
     </span>
    </p>
   </div>
   <div class='ocr_carea' id='block_1_4' title="bbox 193 791 1222 981">
    <p class='ocr_par' dir='ltr' id='par_1_4' title="bbox 193 791 1222 981">
     <span class='ocr_line' id='line_1_5' title="bbox 193 791 1222 887; baseline 0.004 -30"><span class='ocrx_word' id='word_1_29' title='bbox 193 795 282 857; x_wconf 86' lang='lat' dir='ltr'><strong>nandi</strong></span> <span class='ocrx_word' id='word_1_30' title='bbox 302 794 351 854; x_wconf 90' lang='lat' dir='ltr'><strong>ill.</strong></span> <span class='ocrx_word' id='word_1_31' title='bbox 381 793 475 855; x_wconf 73' lang='lat' dir='ltr'><strong>(lond.</strong></span> <span class='ocrx_word' id='word_1_32' title='bbox 496 792 532 887; x_wconf 70' lang='grc' dir='ltr'><strong>1.ἰ</strong></span> <span class='ocrx_word' id='word_1_33' title='bbox 551 791 696 874; x_wconf 89' lang='lat' dir='ltr'><strong>Leopoldi</strong></span> <span class='ocrx_word' id='word_1_34' title='bbox 717 796 741 856; x_wconf 92' lang='lat'><strong>1.</strong></span> <span class='ocrx_word' id='word_1_35' title='bbox 765 795 882 857; x_wconf 80' lang='lat' dir='ltr'><strong>Condit.</strong></span> <span class='ocrx_word' id='word_1_36' title='bbox 908 797 925 857; x_wconf 96' lang='lat' dir='ltr'><strong>l</strong></span> <span class='ocrx_word' id='word_1_37' title='bbox 948 802 979 857; x_wconf 94' lang='lat' dir='ltr'><strong>et</strong></span> <span class='ocrx_word' id='word_1_38' title='bbox 999 793 1059 877; x_wconf 85' lang='lat'><strong>6.).</strong></span> <span class='ocrx_word' id='word_1_39' title='bbox 1115 798 1222 861; x_wconf 67' lang='lat' dir='ltr'><strong>Euius</strong></span> 
     </span>
     <span class='ocr_line' id='line_1_6' title="bbox 193 886 1222 981; baseline 0.005 -25"><span class='ocrx_word' id='word_1_40' title='bbox 193 914 265 959; x_wconf 88' lang='lat' dir='ltr'><strong>vero</strong></span> <span class='ocrx_word' id='word_1_41' title='bbox 296 894 421 958; x_wconf 76' lang='lat' dir='ltr'><strong>facultas</strong></span> <span class='ocrx_word' id='word_1_42' title='bbox 453 895 564 957; x_wconf 78' lang='lat' dir='ltr'><strong>haecce</strong></span> <span class='ocrx_word' id='word_1_43' title='bbox 594 900 759 975; x_wconf 89' lang='lat' dir='ltr'><strong>temporum</strong></span> <span class='ocrx_word' id='word_1_44' title='bbox 794 886 924 959; x_wconf 85' lang='lat' dir='ltr'><strong>decursu</strong></span> <span class='ocrx_word' id='word_1_45' title='bbox 953 906 1079 978; x_wconf 88' lang='lat' dir='ltr'><strong>prorsus</strong></span> <span class='ocrx_word' id='word_1_46' title='bbox 1116 906 1222 981; x_wconf 78' lang='lat' dir='ltr'><strong>erepto</strong></span> 
     </span>
    </p>
   </div>
   <div class='ocr_carea' id='block_1_5' title="bbox 95 997 1221 1078">
    <p class='ocr_par' dir='ltr' id='par_1_5' title="bbox 95 997 1221 1078">
     <span class='ocr_line' id='line_1_7' title="bbox 95 997 1221 1078; baseline 0.005 -21"><span class='ocrx_word' id='word_1_47' title='bbox 95 1023 115 1057; x_wconf 76' lang='grc'><strong>,·</strong></span> <span class='ocrx_word' id='word_1_48' title='bbox 192 998 267 1074; x_wconf 80' lang='lat' dir='ltr'><strong>ruit,</strong></span> <span class='ocrx_word' id='word_1_49' title='bbox 288 998 449 1078; x_wconf 80' lang='lat' dir='ltr'><strong>pertimeo</strong></span> <span class='ocrx_word' id='word_1_50' title='bbox 471 997 550 1076; x_wconf 91' lang='lat' dir='ltr'><strong>quod</strong></span> <span class='ocrx_word' id='word_1_51' title='bbox 571 997 741 1058; x_wconf 80' lang='lat' dir='ltr'><strong>ediceretur</strong></span> <span class='ocrx_word' id='word_1_52' title='bbox 760 997 847 1059; x_wconf 85' lang='lat' dir='ltr'><strong>nefas</strong></span> <span class='ocrx_word' id='word_1_53' title='bbox 869 1016 939 1060; x_wconf 79' lang='lat' dir='ltr'><strong>esse</strong></span> <span class='ocrx_word' id='word_1_54' title='bbox 959 998 1130 1061; x_wconf 75' lang='lat' dir='ltr'><strong>formidem</strong></span> <span class='ocrx_word' id='word_1_55' title='bbox 1151 1000 1221 1063; x_wconf 80' lang='lat' dir='ltr'><strong>iidei</strong></span> 
     </span>
    </p>
   </div>
   <div class='ocr_carea' id='block_1_6' title="bbox 191 1098 1221 1393">
    <p class='ocr_par' dir='ltr' id='par_1_6' title="bbox 191 1098 1221 1393">
     <span class='ocr_line' id='line_1_8' title="bbox 191 1098 1220 1197; baseline 0.002 -36"><span class='ocrx_word' id='word_1_56' title='bbox 191 1098 349 1161; x_wconf 72' lang='lat' dir='ltr'><strong>Ecclesiae</strong></span> <span class='ocrx_word' id='word_1_57' title='bbox 377 1098 550 1160; x_wconf 82' lang='lat' dir='ltr'><strong>Catholicae</strong></span> <span class='ocrx_word' id='word_1_58' title='bbox 578 1099 737 1175; x_wconf 76' lang='lat' dir='ltr'><strong>deserere,</strong></span> <span class='ocrx_word' id='word_1_59' title='bbox 760 1101 862 1197; x_wconf 87' lang='lat' dir='ltr'><strong>etqui</strong></span> <span class='ocrx_word' id='word_1_60' title='bbox 890 1101 927 1162; x_wconf 91' lang='lat' dir='ltr'><strong>ab</strong></span> <span class='ocrx_word' id='word_1_61' title='bbox 954 1120 990 1161; x_wconf 90' lang='lat' dir='ltr'><strong>ea</strong></span> <span class='ocrx_word' id='word_1_62' title='bbox 1009 1101 1220 1170; x_wconf 74' lang='lat' dir='ltr'><strong>desciverunt.</strong></span> 
     </span>
     <span class='ocr_line' id='line_1_9' title="bbox 191 1201 1221 1295; baseline -0.001 -30"><span class='ocrx_word' id='word_1_63' title='bbox 191 1203 392 1265; x_wconf 83' lang='lat' dir='ltr'><strong>maleficorum</strong></span> <span class='ocrx_word' id='word_1_64' title='bbox 429 1201 495 1263; x_wconf 93' lang='lat' dir='ltr'><strong>loco</strong></span> <span class='ocrx_word' id='word_1_65' title='bbox 526 1201 728 1277; x_wconf 86' lang='lat' dir='ltr'><strong>haberentur,</strong></span> <span class='ocrx_word' id='word_1_66' title='bbox 767 1203 883 1264; x_wconf 89' lang='lat' dir='ltr'><strong>etiamsi</strong></span> <span class='ocrx_word' id='word_1_67' title='bbox 914 1202 1054 1295; x_wconf 53' lang='lat' dir='ltr'><strong>Nobiles]</strong></span> <span class='ocrx_word' id='word_1_68' title='bbox 1082 1203 1221 1281; x_wconf 71' lang='lat' dir='ltr'><strong>fuer-m</strong></span> 
     </span>
     <span class='ocr_line' id='line_1_10' title="bbox 191 1301 1220 1393; baseline 0.002 -26"><span class='ocrx_word' id='word_1_69' title='bbox 191 1304 271 1367; x_wconf 86' lang='lat' dir='ltr'><strong>nulls</strong></span> <span class='ocrx_word' id='word_1_70' title='bbox 296 1304 459 1384; x_wconf 79' lang='lat' dir='ltr'><strong>praemissa</strong></span> <span class='ocrx_word' id='word_1_71' title='bbox 479 1301 707 1382; x_wconf 79' lang='lat' dir='ltr'><strong>investigatione</strong></span> <span class='ocrx_word' id='word_1_72' title='bbox 728 1303 758 1362; x_wconf 93' lang='lat' dir='ltr'><strong>in</strong></span> <span class='ocrx_word' id='word_1_73' title='bbox 775 1303 890 1364; x_wconf 88' lang='lat' dir='ltr'><strong>vincula</strong></span> <span class='ocrx_word' id='word_1_74' title='bbox 911 1303 1151 1393; x_wconf 82' lang='lat' dir='ltr'><strong>conjicerentur</strong></span> <span class='ocrx_word' id='word_1_75' title='bbox 1171 1302 1220 1369; x_wconf 84' lang='lat' dir='ltr'><strong>u&#39;e-</strong></span> 
     </span>
    </p>
   </div>
   <div class='ocr_carea' id='block_1_7' title="bbox 81 1401 1221 1489">
    <p class='ocr_par' dir='ltr' id='par_1_7' title="bbox 81 1401 1221 1489">
     <span class='ocr_line' id='line_1_11' title="bbox 81 1401 1221 1489; baseline 0.004 -23"><span class='ocrx_word' id='word_1_76' title='bbox 81 1444 85 1453; x_wconf 44' lang='grc'><em>’</em></span> <span class='ocrx_word' id='word_1_77' title='bbox 190 1405 326 1486; x_wconf 76' lang='lat' dir='ltr'><strong>serieque</strong></span> <span class='ocrx_word' id='word_1_78' title='bbox 346 1404 605 1478; x_wconf 81' lang='lat' dir='ltr'><strong>excruciarentur,</strong></span> <span class='ocrx_word' id='word_1_79' title='bbox 625 1401 764 1463; x_wconf 87' lang='lat' dir='ltr'><strong>Pastores</strong></span> <span class='ocrx_word' id='word_1_80' title='bbox 786 1423 874 1477; x_wconf 87' lang='lat' dir='ltr'><strong>vero,</strong></span> <span class='ocrx_word' id='word_1_81' title='bbox 896 1404 946 1485; x_wconf 89' lang='lat' dir='ltr'><strong>qui</strong></span> <span class='ocrx_word' id='word_1_82' title='bbox 965 1405 1127 1483; x_wconf 85' lang='lat' dir='ltr'><strong>homiues,</strong></span> <span class='ocrx_word' id='word_1_83' title='bbox 1149 1426 1221 1489; x_wconf 78' lang='lat' dir='ltr'><strong>quos</strong></span> 
     </span>
    </p>
   </div>
   <div class='ocr_carea' id='block_1_8' title="bbox 146 1505 1221 3112">
    <p class='ocr_par' dir='ltr' id='par_1_8' title="bbox 146 1505 1221 3112">
     <span class='ocr_line' id='line_1_12' title="bbox 190 1505 1220 1589; baseline 0.001 -20"><span class='ocrx_word' id='word_1_84' title='bbox 190 1507 329 1569; x_wconf 76' lang='lat' dir='ltr'><strong>Ecclesia</strong></span> <span class='ocrx_word' id='word_1_85' title='bbox 343 1506 477 1567; x_wconf 89' lang='lat' dir='ltr'><strong>Romana</strong></span> <span class='ocrx_word' id='word_1_86' title='bbox 498 1506 536 1564; x_wconf 93' lang='lat' dir='ltr'><strong>ad</strong></span> <span class='ocrx_word' id='word_1_87' title='bbox 557 1506 765 1585; x_wconf 87' lang='lat' dir='ltr'><strong>sepertinere</strong></span> <span class='ocrx_word' id='word_1_88' title='bbox 786 1505 894 1585; x_wconf 87' lang='lat' dir='ltr'><strong>ajebat,</strong></span> <span class='ocrx_word' id='word_1_89' title='bbox 915 1507 953 1565; x_wconf 91' lang='lat' dir='ltr'><strong>ad</strong></span> <span class='ocrx_word' id='word_1_90' title='bbox 973 1509 1220 1589; x_wconf 82' lang='lat' dir='ltr'><strong>communionem</strong></span> 
     </span>
     <span class='ocr_line' id='line_1_13' title="bbox 189 1606 1221 1687; baseline 0.002 -16"><span class='ocrx_word' id='word_1_91' title='bbox 189 1627 343 1671; x_wconf 87' lang='lat' dir='ltr'><strong>sacrorum</strong></span> <span class='ocrx_word' id='word_1_92' title='bbox 357 1606 601 1687; x_wconf 74' lang='lat' dir='ltr'><strong>Evangeiicornm</strong></span> <span class='ocrx_word' id='word_1_93' title='bbox 622 1606 827 1682; x_wconf 74' lang='lat' dir='ltr'><strong>admittebant,</strong></span> <span class='ocrx_word' id='word_1_94' title='bbox 843 1606 893 1668; x_wconf 85' lang='lat' dir='ltr'><strong>vel</strong></span> <span class='ocrx_word' id='word_1_95' title='bbox 916 1607 1155 1687; x_wconf 81' lang='lat' dir='ltr'><strong>mulctarentur,</strong></span> <span class='ocrx_word' id='word_1_96' title='bbox 1175 1610 1221 1673; x_wconf 81' lang='lat' dir='ltr'><strong>rel</strong></span> 
     </span>
     <span class='ocr_line' id='line_1_14' title="bbox 189 1706 1218 1789; baseline -0.002 -18"><span class='ocrx_word' id='word_1_97' title='bbox 189 1727 312 1771; x_wconf 86' lang='lat' dir='ltr'><strong>carcere</strong></span> <span class='ocrx_word' id='word_1_98' title='bbox 343 1708 555 1784; x_wconf 84' lang='lat' dir='ltr'><strong>conderentur,</strong></span> <span class='ocrx_word' id='word_1_99' title='bbox 583 1708 630 1769; x_wconf 88' lang='lat' dir='ltr'><strong>vei</strong></span> <span class='ocrx_word' id='word_1_100' title='bbox 659 1727 782 1769; x_wconf 91' lang='lat' dir='ltr'><strong>munere</strong></span> <span class='ocrx_word' id='word_1_101' title='bbox 809 1709 1002 1785; x_wconf 84' lang='lat' dir='ltr'><strong>orbarentur,</strong></span> <span class='ocrx_word' id='word_1_102' title='bbox 1030 1706 1155 1789; x_wconf 79' lang='lat' dir='ltr'><strong>parlim</strong></span> <span class='ocrx_word' id='word_1_103' title='bbox 1175 1732 1218 1787; x_wconf 64' lang='lat' dir='ltr'><strong>aa</strong></span> 
     </span>
     <span class='ocr_line' id='line_1_15' title="bbox 146 1808 1218 1899; baseline 0.005 -27"><span class='ocrx_word' id='word_1_104' title='bbox 146 1838 149 1845; x_wconf 60' lang='lat'><strong><em>¹</em></strong></span> <span class='ocrx_word' id='word_1_105' title='bbox 190 1809 269 1893; x_wconf 88' lang='lat' dir='ltr'><strong>quod</strong></span> <span class='ocrx_word' id='word_1_106' title='bbox 296 1811 452 1872; x_wconf 80' lang='lat' dir='ltr'><strong>Nostrates</strong></span> <span class='ocrx_word' id='word_1_107' title='bbox 467 1811 509 1899; x_wconf 83' lang='lat' dir='ltr'><strong>ln</strong></span> <span class='ocrx_word' id='word_1_108' title='bbox 534 1810 619 1870; x_wconf 87' lang='lat' dir='ltr'><strong>libris</strong></span> <span class='ocrx_word' id='word_1_109' title='bbox 639 1810 815 1890; x_wconf 81' lang='lat' dir='ltr'><strong>dogmatici,</strong></span> <span class='ocrx_word' id='word_1_110' title='bbox 843 1808 999 1890; x_wconf 84' lang='lat' dir='ltr'><strong>symbolicl</strong></span> <span class='ocrx_word' id='word_1_111' title='bbox 1020 1820 1053 1872; x_wconf 87' lang='lat' dir='ltr'><strong>ct</strong></span> <span class='ocrx_word' id='word_1_112' title='bbox 1074 1812 1218 1877; x_wconf 78' lang='lat' dir='ltr'><strong>historici</strong></span> 
     </span>
     <span class='ocr_line' id='line_1_16' title="bbox 188 1910 1213 1994; baseline 0.004 -19"><span class='ocrx_word' id='word_1_113' title='bbox 188 1910 354 1994; x_wconf 79' lang='lat' dir='ltr'><strong>argumenti</strong></span> <span class='ocrx_word' id='word_1_114' title='bbox 375 1913 455 1992; x_wconf 76' lang='lat' dir='ltr'><strong>typis</strong></span> <span class='ocrx_word' id='word_1_115' title='bbox 477 1911 695 1987; x_wconf 83' lang='lat' dir='ltr'><strong>exscribendis,</strong></span> <span class='ocrx_word' id='word_1_116' title='bbox 723 1910 773 1971; x_wconf 86' lang='lat' dir='ltr'><strong>vel</strong></span> <span class='ocrx_word' id='word_1_117' title='bbox 803 1913 1143 1993; x_wconf 73' lang='lat' dir='ltr'><strong>peregreinvebcudis</strong></span> <span class='ocrx_word' id='word_1_118' title='bbox 1164 1918 1213 1979; x_wconf 75' lang='lat' dir='ltr'><strong>ius</strong></span> 
     </span>
     <span class='ocr_line' id='line_1_17' title="bbox 188 2010 1215 2096; baseline 0.005 -21"><span class='ocrx_word' id='word_1_119' title='bbox 188 2015 380 2095; x_wconf 79' lang='lat' dir='ltr'><strong>peditentur3</strong></span> <span class='ocrx_word' id='word_1_120' title='bbox 401 2014 585 2096; x_wconf 83' lang='lat' dir='ltr'><strong>pertimeo,</strong></span> <span class='ocrx_word' id='word_1_121' title='bbox 608 2010 788 2094; x_wconf 73' lang='lat' dir='ltr'><strong>quod&#39;orbi,</strong></span> <span class='ocrx_word' id='word_1_122' title='bbox 810 2019 843 2074; x_wconf 89' lang='lat' dir='ltr'><strong>ut</strong></span> <span class='ocrx_word' id='word_1_123' title='bbox 864 2033 900 2075; x_wconf 92' lang='lat' dir='ltr'><strong>eo</strong></span> <span class='ocrx_word' id='word_1_124' title='bbox 921 2013 1039 2075; x_wconf 81' lang='lat' dir='ltr'><strong>facilins</strong></span> <span class='ocrx_word' id='word_1_125' title='bbox 1059 2017 1106 2078; x_wconf 91' lang='lat' dir='ltr'><strong>ad</strong></span> <span class='ocrx_word' id='word_1_126' title='bbox 1128 2018 1215 2080; x_wconf 81' lang='lat' dir='ltr'><strong>desc·</strong></span> 
     </span>
     <span class='ocr_line' id='line_1_18' title="bbox 188 2114 1216 2197; baseline 0.005 -20"><span class='ocrx_word' id='word_1_127' title='bbox 188 2116 282 2178; x_wconf 82' lang='lat' dir='ltr'><strong>reuda</strong></span> <span class='ocrx_word' id='word_1_128' title='bbox 308 2136 395 2177; x_wconf 84' lang='lat' dir='ltr'><strong>sacra</strong></span> <span class='ocrx_word' id='word_1_129' title='bbox 423 2114 602 2197; x_wconf 74' lang='lat' dir='ltr'><strong>Euangeliou</strong></span> <span class='ocrx_word' id='word_1_130' title='bbox 630 2115 755 2196; x_wconf 86' lang='lat' dir='ltr'><strong>perduci</strong></span> <span class='ocrx_word' id='word_1_131' title='bbox 786 2123 923 2197; x_wconf 86' lang='lat' dir='ltr'><strong>possent,</strong></span> <span class='ocrx_word' id='word_1_132' title='bbox 950 2114 1124 2181; x_wconf 67' lang='lat' dir='ltr'><strong>&#39;sutoribus</strong></span> <span class='ocrx_word' id='word_1_133' title='bbox 1156 2118 1216 2181; x_wconf 86' lang='lat' dir='ltr'><strong>llo·</strong></span> 
     </span>
     <span class='ocr_line' id='line_1_19' title="bbox 187 2212 1216 2297; baseline 0.003 -17"><span class='ocrx_word' id='word_1_134' title='bbox 187 2216 461 2281; x_wconf 81' lang='lat' dir='ltr'><strong>mano-Catholicis</strong></span> <span class='ocrx_word' id='word_1_135' title='bbox 488 2218 694 2291; x_wconf 80' lang='lat' dir='ltr'><strong>truderentur3</strong></span> <span class='ocrx_word' id='word_1_136' title='bbox 729 2218 837 2297; x_wconf 87' lang='lat' dir='ltr'><strong>partim</strong></span> <span class='ocrx_word' id='word_1_137' title='bbox 867 2236 921 2293; x_wconf 91' lang='lat' dir='ltr'><strong>eo,</strong></span> <span class='ocrx_word' id='word_1_138' title='bbox 960 2217 1039 2296; x_wconf 89' lang='lat' dir='ltr'><strong>quod</strong></span> <span class='ocrx_word' id='word_1_139' title='bbox 1067 2236 1113 2279; x_wconf 79' lang='lat' dir='ltr'><strong>ex</strong></span> <span class='ocrx_word' id='word_1_140' title='bbox 1140 2212 1216 2283; x_wconf 74' lang='lat' dir='ltr'><strong>locis</strong></span> 
     </span>
     <span class='ocr_line' id='line_1_20' title="bbox 186 2316 1217 2405; baseline 0 -23"><span class='ocrx_word' id='word_1_141' title='bbox 186 2318 352 2382; x_wconf 74' lang='lat' dir='ltr'><strong>&#39;llrrcorurn</strong></span> <span class='ocrx_word' id='word_1_142' title='bbox 374 2319 505 2380; x_wconf 88' lang='lat' dir='ltr'><strong>dominio</strong></span> <span class='ocrx_word' id='word_1_143' title='bbox 526 2318 689 2393; x_wconf 85' lang='lat' dir='ltr'><strong>subductis,</strong></span> <span class='ocrx_word' id='word_1_144' title='bbox 711 2317 851 2378; x_wconf 84' lang='lat' dir='ltr'><strong>Pastorcr</strong></span> <span class='ocrx_word' id='word_1_145' title='bbox 874 2324 905 2378; x_wconf 91' lang='lat' dir='ltr'><strong>et</strong></span> <span class='ocrx_word' id='word_1_146' title='bbox 914 2316 1137 2397; x_wconf 78' lang='lat' dir='ltr'><strong>Ludimagistri</strong></span> <span class='ocrx_word' id='word_1_147' title='bbox 1161 2322 1217 2405; x_wconf 71' lang='lat' dir='ltr'><strong>eji-</strong></span> 
     </span>
     <span class='ocr_line' id='line_1_21' title="bbox 186 2419 1216 2505; baseline -0.002 -20"><span class='ocrx_word' id='word_1_148' title='bbox 186 2428 335 2498; x_wconf 89' lang='lat' dir='ltr'><strong>cerentur,</strong></span> <span class='ocrx_word' id='word_1_149' title='bbox 358 2420 495 2482; x_wconf 84' lang='lat' dir='ltr'><strong>Oratoria</strong></span> <span class='ocrx_word' id='word_1_150' title='bbox 516 2438 587 2479; x_wconf 87' lang='lat' dir='ltr'><strong>vero</strong></span> <span class='ocrx_word' id='word_1_151' title='bbox 614 2419 661 2479; x_wconf 80' lang='lat' dir='ltr'><strong>rel</strong></span> <span class='ocrx_word' id='word_1_152' title='bbox 684 2421 917 2499; x_wconf 87' lang='lat' dir='ltr'><strong>occuparentur,</strong></span> <span class='ocrx_word' id='word_1_153' title='bbox 938 2419 986 2480; x_wconf 78' lang='lat' dir='ltr'><strong>vel</strong></span> <span class='ocrx_word' id='word_1_154' title='bbox 1007 2419 1076 2481; x_wconf 87' lang='lat' dir='ltr'><strong>solo</strong></span> <span class='ocrx_word' id='word_1_155' title='bbox 1101 2442 1216 2505; x_wconf 76' lang='lat' dir='ltr'><strong>aequa-</strong></span> 
     </span>
     <span class='ocr_line' id='line_1_22' title="bbox 183 2514 1137 2587; baseline -0.003 0"><span class='ocrx_word' id='word_1_156' title='bbox 183 2533 307 2587; x_wconf 71' lang='lat' dir='ltr'><strong>mutue·</strong></span> <span class='ocrx_word' id='word_1_157' title='bbox 1134 2514 1137 2519; x_wconf 65' lang='grc'><strong>’</strong></span> 
     </span>
     <span class='ocr_line' id='line_1_23' title="bbox 268 2606 1216 2709; baseline 0.001 -23"><span class='ocrx_word' id='word_1_158' title='bbox 268 2623 352 2705; x_wconf 80' lang='lat' dir='ltr'><strong>Lege</strong></span> <span class='ocrx_word' id='word_1_159' title='bbox 383 2606 570 2685; x_wconf 75' lang='lat' dir='ltr'><strong>ad&#39;liberum</strong></span> <span class='ocrx_word' id='word_1_160' title='bbox 590 2623 742 2704; x_wconf 80' lang='lat' dir='ltr'><strong>religionis</strong></span> <span class='ocrx_word' id='word_1_161' title='bbox 765 2625 937 2685; x_wconf 81' lang='lat' dir='ltr'><strong>exercitium</strong></span> <span class='ocrx_word' id='word_1_162' title='bbox 957 2627 1116 2703; x_wconf 82' lang='lat' dir='ltr'><strong>possessio</strong></span> <span class='ocrx_word' id='word_1_163' title='bbox 1139 2646 1216 2709; x_wconf 64' lang='lat' dir='ltr'><strong>quo</strong></span> 
     </span>
     <span class='ocr_line' id='line_1_24' title="bbox 185 2716 1215 2807; baseline 0.005 -22"><span class='ocrx_word' id='word_1_164' title='bbox 185 2746 243 2807; x_wconf 90' lang='lat' dir='ltr'><strong>que</strong></span> <span class='ocrx_word' id='word_1_165' title='bbox 264 2731 298 2787; x_wconf 90' lang='lat' dir='ltr'><strong>ut</strong></span> <span class='ocrx_word' id='word_1_166' title='bbox 318 2744 389 2785; x_wconf 87' lang='lat' dir='ltr'><strong>usus</strong></span> <span class='ocrx_word' id='word_1_167' title='bbox 411 2716 618 2804; x_wconf 87' lang='lat' dir='ltr'><strong>Templorum,</strong></span> <span class='ocrx_word' id='word_1_168' title='bbox 647 2724 785 2787; x_wconf 88' lang='lat' dir='ltr'><strong>Turrinm</strong></span> <span class='ocrx_word' id='word_1_169' title='bbox 808 2731 839 2785; x_wconf 89' lang='lat' dir='ltr'><strong>ct</strong></span> <span class='ocrx_word' id='word_1_170' title='bbox 868 2724 1089 2804; x_wconf 77' lang='lat' dir='ltr'><strong>campanarum</strong></span> <span class='ocrx_word' id='word_1_171' title='bbox 1111 2729 1215 2792; x_wconf 76' lang='lat' dir='ltr'><strong>refer·-</strong></span> 
     </span>
     <span class='ocr_line' id='line_1_25' title="bbox 182 2822 1215 2910; baseline 0.004 -21"><span class='ocrx_word' id='word_1_172' title='bbox 182 2828 305 2889; x_wconf 86' lang='lat' dir='ltr'><strong>rebatur</strong></span> <span class='ocrx_word' id='word_1_173' title='bbox 326 2822 549 2910; x_wconf 84' lang='lat' dir='ltr'><strong>(Pacificatione</strong></span> <span class='ocrx_word' id='word_1_174' title='bbox 570 2824 712 2887; x_wconf 89' lang='lat' dir='ltr'><strong>Lincensi</strong></span> <span class='ocrx_word' id='word_1_175' title='bbox 738 2831 777 2887; x_wconf 90' lang='lat' dir='ltr'><strong>et·</strong></span> <span class='ocrx_word' id='word_1_176' title='bbox 797 2826 929 2887; x_wconf 87' lang='lat' dir='ltr'><strong>Articulo</strong></span> <span class='ocrx_word' id='word_1_177' title='bbox 951 2827 980 2886; x_wconf 89' lang='lat'><strong>1.</strong></span> <span class='ocrx_word' id='word_1_178' title='bbox 1003 2825 1118 2889; x_wconf 82' lang='lat' dir='ltr'><strong>Gomit.</strong></span> <span class='ocrx_word' id='word_1_179' title='bbox 1143 2832 1215 2893; x_wconf 80' lang='lat' dir='ltr'><strong>anni</strong></span> 
     </span>
     <span class='ocr_line' id='line_1_26' title="bbox 183 2925 1215 3013; baseline 0.003 -21"><span class='ocrx_word' id='word_1_180' title='bbox 183 2925 292 3013; x_wconf 72' lang='lat' dir='ltr'><strong>lost).</strong></span> <span class='ocrx_word' id='word_1_181' title='bbox 345 2928 411 2989; x_wconf 85' lang='lat' dir='ltr'><strong>dam</strong></span> <span class='ocrx_word' id='word_1_182' title='bbox 439 2947 511 2989; x_wconf 84' lang='lat' dir='ltr'><strong>vero</strong></span> <span class='ocrx_word' id='word_1_183' title='bbox 540 2926 706 2989; x_wconf 88' lang='lat' dir='ltr'><strong>introducto</strong></span> <span class='ocrx_word' id='word_1_184' title='bbox 728 2927 880 3008; x_wconf 88' lang='lat' dir='ltr'><strong>publicum</strong></span> <span class='ocrx_word' id='word_1_185' title='bbox 900 2928 979 2988; x_wconf 90' lang='lat' dir='ltr'><strong>inter</strong></span> <span class='ocrx_word' id='word_1_186' title='bbox 1000 2934 1032 2987; x_wconf 89' lang='lat' dir='ltr'><strong>et</strong></span> <span class='ocrx_word' id='word_1_187' title='bbox 1052 2931 1215 3008; x_wconf 79' lang='lat' dir='ltr'><strong>primoum</strong></span> 
     </span>
     <span class='ocr_line' id='line_1_27' title="bbox 181 3029 1215 3112; baseline 0.003 -21"><span class='ocrx_word' id='word_1_188' title='bbox 181 3030 333 3112; x_wconf 80' lang='lat' dir='ltr'><strong>religionis</strong></span> <span class='ocrx_word' id='word_1_189' title='bbox 355 3030 530 3091; x_wconf 85' lang='lat' dir='ltr'><strong>exercitium</strong></span> <span class='ocrx_word' id='word_1_190' title='bbox 551 3029 738 3104; x_wconf 89' lang='lat' dir='ltr'><strong>discrimine,</strong></span> <span class='ocrx_word' id='word_1_191' title='bbox 767 3030 946 3090; x_wconf 81' lang='lat' dir='ltr'><strong>beneficium</strong></span> <span class='ocrx_word' id='word_1_192' title='bbox 966 3029 1064 3089; x_wconf 84' lang='lat' dir='ltr'><strong>hocce</strong></span> <span class='ocrx_word' id='word_1_193' title='bbox 1087 3035 1215 3097; x_wconf 80' lang='lat' dir='ltr'><strong>nonnisi</strong></span> 
     </span>
    </p>
   </div>
   <div class='ocr_carea' id='block_1_9' title="bbox 69 3131 1216 3213">
    <p class='ocr_par' dir='ltr' id='par_1_9' title="bbox 69 3131 1216 3213">
     <span class='ocr_line' id='line_1_28' title="bbox 69 3131 1216 3213; baseline 0.001 -20"><span class='ocrx_word' id='word_1_194' title='bbox 69 3165 75 3193; x_wconf 80' lang='lat' dir='ltr'><strong>i</strong></span> <span class='ocrx_word' id='word_1_195' title='bbox 180 3134 283 3213; x_wconf 84' lang='lat' dir='ltr'><strong>paucis</strong></span> <span class='ocrx_word' id='word_1_196' title='bbox 305 3133 397 3208; x_wconf 88' lang='lat' dir='ltr'><strong>locis,</strong></span> <span class='ocrx_word' id='word_1_197' title='bbox 436 3132 556 3212; x_wconf 92' lang='lat' dir='ltr'><strong>publico</strong></span> <span class='ocrx_word' id='word_1_198' title='bbox 575 3131 727 3211; x_wconf 81' lang='lat' dir='ltr'><strong>religionis</strong></span> <span class='ocrx_word' id='word_1_199' title='bbox 749 3132 891 3192; x_wconf 83' lang='lat' dir='ltr'><strong>exercitio</strong></span> <span class='ocrx_word' id='word_1_200' title='bbox 911 3131 1113 3210; x_wconf 81' lang='lat' dir='ltr'><strong>gaudentibus</strong></span> <span class='ocrx_word' id='word_1_201' title='bbox 1139 3156 1216 3199; x_wconf 84' lang='lat' dir='ltr'><strong>con-</strong></span> 
     </span>
    </p>
   </div>
   <div class='ocr_carea' id='block_1_10' title="bbox 176 3232 1220 4033">
    <p class='ocr_par' dir='ltr' id='par_1_10' title="bbox 180 3232 1220 3421">
     <span class='ocr_line' id='line_1_29' title="bbox 180 3232 1220 3317; baseline 0.002 -21"><span class='ocrx_word' id='word_1_202' title='bbox 180 3235 361 3311; x_wconf 90' lang='lat' dir='ltr'><strong>cedebatur,</strong></span> <span class='ocrx_word' id='word_1_203' title='bbox 389 3235 456 3295; x_wconf 87' lang='lat' dir='ltr'><strong>aliis</strong></span> <span class='ocrx_word' id='word_1_204' title='bbox 484 3234 558 3295; x_wconf 90' lang='lat' dir='ltr'><strong>locis</strong></span> <span class='ocrx_word' id='word_1_205' title='bbox 589 3235 620 3295; x_wconf 90' lang='lat' dir='ltr'><strong>in</strong></span> <span class='ocrx_word' id='word_1_206' title='bbox 641 3233 774 3314; x_wconf 85' lang='lat' dir='ltr'><strong>Templis</strong></span> <span class='ocrx_word' id='word_1_207' title='bbox 796 3233 944 3317; x_wconf 85' lang='lat' dir='ltr'><strong>struendis</strong></span> <span class='ocrx_word' id='word_1_208' title='bbox 965 3232 1014 3293; x_wconf 76' lang='lat' dir='ltr'><strong>uel</strong></span> <span class='ocrx_word' id='word_1_209' title='bbox 1033 3235 1220 3303; x_wconf 69' lang='lat' dir='ltr'><strong>instaurari·¹</strong></span> 
     </span>
     <span class='ocr_line' id='line_1_30' title="bbox 180 3330 604 3421; baseline -0.009 -22"><span class='ocrx_word' id='word_1_210' title='bbox 180 3336 227 3399; x_wconf 92' lang='lat' dir='ltr'><strong>dis</strong></span> <span class='ocrx_word' id='word_1_211' title='bbox 248 3339 350 3399; x_wconf 86' lang='lat' dir='ltr'><strong>obices</strong></span> <span class='ocrx_word' id='word_1_212' title='bbox 368 3330 566 3418; x_wconf 84' lang='lat' dir='ltr'><strong>ponebantur.</strong></span> <span class='ocrx_word' id='word_1_213' title='bbox 601 3416 604 3421; x_wconf 27' lang='grc' dir='ltr'>Ι</span> 
     </span>
    </p>

    <p class='ocr_par' dir='ltr' id='par_1_11' title="bbox 176 3426 1213 4033">
     <span class='ocr_line' id='line_1_31' title="bbox 238 3426 1213 3531; baseline -0.009 -30"><span class='ocrx_word' id='word_1_214' title='bbox 238 3509 244 3531; x_wconf 31' lang='grc' dir='ltr'><em>Ι</em></span> <span class='ocrx_word' id='word_1_215' title='bbox 262 3438 328 3501; x_wconf 74' lang='lat' dir='ltr'><strong>Lex</strong></span> <span class='ocrx_word' id='word_1_216' title='bbox 348 3441 385 3501; x_wconf 93' lang='lat' dir='ltr'><strong>ad</strong></span> <span class='ocrx_word' id='word_1_217' title='bbox 406 3459 529 3500; x_wconf 88' lang='lat' dir='ltr'><strong>munera</strong></span> <span class='ocrx_word' id='word_1_218' title='bbox 542 3426 733 3519; x_wconf 77' lang='lat' dir='ltr'><strong>quaecunque</strong></span> <span class='ocrx_word' id='word_1_219' title='bbox 748 3437 852 3499; x_wconf 81' lang='lat' dir='ltr'><strong>altiore</strong></span> <span class='ocrx_word' id='word_1_220' title='bbox 866 3437 1087 3518; x_wconf 83' lang='lat' dir='ltr'><strong>humilioraqrre¹</strong></span> <span class='ocrx_word' id='word_1_221' title='bbox 1104 3440 1213 3509; x_wconf 68' lang='lat' dir='ltr'><strong>Em.</strong></span> 
     </span>
     <span class='ocr_line' id='line_1_32' title="bbox 178 3536 1212 3624; baseline 0 -22"><span class='ocrx_word' id='word_1_222' title='bbox 178 3539 283 3624; x_wconf 81' lang='lat' dir='ltr'><strong>g&#39;cllcis</strong></span> <span class='ocrx_word' id='word_1_223' title='bbox 317 3558 433 3621; x_wconf 88' lang='lat' dir='ltr'><strong>quoque</strong></span> <span class='ocrx_word' id='word_1_224' title='bbox 461 3539 572 3601; x_wconf 90' lang='lat' dir='ltr'><strong>aditum</strong></span> <span class='ocrx_word' id='word_1_225' title='bbox 598 3541 743 3621; x_wconf 85' lang='lat' dir='ltr'><strong>patefecit</strong></span> <span class='ocrx_word' id='word_1_226' title='bbox 773 3536 998 3624; x_wconf 82' lang='lat' dir='ltr'><strong>(Pacificstione</strong></span> <span class='ocrx_word' id='word_1_227' title='bbox 1016 3538 1212 3623; x_wconf 58' lang='lat' dir='ltr'><strong>Viennam</strong></span> 
     </span>
     <span class='ocr_line' id='line_1_33' title="bbox 177 3639 1211 3721; baseline -0.002 -16"><span class='ocrx_word' id='word_1_228' title='bbox 177 3643 243 3705; x_wconf 79' lang='lat' dir='ltr'><strong>Art.</strong></span> <span class='ocrx_word' id='word_1_229' title='bbox 264 3645 296 3705; x_wconf 83' lang='grc'><strong>9.</strong></span> <span class='ocrx_word' id='word_1_230' title='bbox 318 3648 350 3719; x_wconf 90' lang='lat' dir='ltr'><strong>et</strong></span> <span class='ocrx_word' id='word_1_231' title='bbox 370 3644 420 3703; x_wconf 82' lang='lat'><strong>10.</strong></span> <span class='ocrx_word' id='word_1_232' title='bbox 443 3642 551 3704; x_wconf 81' lang='lat' dir='ltr'><strong>Gemit.</strong></span> <span class='ocrx_word' id='word_1_233' title='bbox 573 3644 641 3703; x_wconf 86' lang='lat' dir='ltr'><strong>cuni</strong></span> <span class='ocrx_word' id='word_1_234' title='bbox 662 3644 762 3717; x_wconf 77' lang='lat'>16083</span> <span class='ocrx_word' id='word_1_235' title='bbox 784 3641 951 3721; x_wconf 87' lang='lat' dir='ltr'><strong>Diplomate</strong></span> <span class='ocrx_word' id='word_1_236' title='bbox 968 3639 1211 3712; x_wconf 77' lang='lat' dir='ltr'><strong>Ferdiuuudffl,</strong></span> 
     </span>
     <span class='ocr_line' id='line_1_34' title="bbox 179 3739 1210 3827; baseline 0.004 -20"><span class='ocrx_word' id='word_1_237' title='bbox 179 3743 274 3807; x_wconf 78' lang='lat' dir='ltr'><strong>Gond.</strong></span> <span class='ocrx_word' id='word_1_238' title='bbox 296 3746 327 3806; x_wconf 91' lang='lat'><strong>1.</strong></span> <span class='ocrx_word' id='word_1_239' title='bbox 347 3744 378 3805; x_wconf 74' lang='lat'><strong>8.</strong></span> <span class='ocrx_word' id='word_1_240' title='bbox 399 3744 441 3821; x_wconf 84' lang='lat'><strong>4,</strong></span> <span class='ocrx_word' id='word_1_241' title='bbox 462 3743 610 3824; x_wconf 87' lang='lat' dir='ltr'><strong>Leopoldi</strong></span> <span class='ocrx_word' id='word_1_242' title='bbox 630 3745 653 3805; x_wconf 89' lang='lat'><strong>1.</strong></span> <span class='ocrx_word' id='word_1_243' title='bbox 676 3744 851 3806; x_wconf 80' lang='lat' dir='ltr'><strong>conditione</strong></span> <span class='ocrx_word' id='word_1_244' title='bbox 873 3746 903 3804; x_wconf 94' lang='lat'><strong>1.</strong></span> <span class='ocrx_word' id='word_1_245' title='bbox 919 3745 950 3806; x_wconf 78' lang='grc'><strong>3.</strong></span> <span class='ocrx_word' id='word_1_246' title='bbox 967 3739 1023 3827; x_wconf 84' lang='grc'><strong>4.).</strong></span> <span class='ocrx_word' id='word_1_247' title='bbox 1056 3745 1125 3809; x_wconf 83' lang='lat' dir='ltr'><strong>Sed</strong></span> <span class='ocrx_word' id='word_1_248' title='bbox 1143 3750 1210 3815; x_wconf 78' lang='lat' dir='ltr'><strong>foi·-</strong></span> 
     </span>
     <span class='ocr_line' id='line_1_35' title="bbox 176 3830 1208 3929; baseline 0.01 -22"><span class='ocrx_word' id='word_1_249' title='bbox 176 3846 257 3908; x_wconf 87' lang='lat' dir='ltr'><strong>mula</strong></span> <span class='ocrx_word' id='word_1_250' title='bbox 274 3846 471 3929; x_wconf 88' lang='lat' dir='ltr'><strong>jurisjurandi</strong></span> <span class='ocrx_word' id='word_1_251' title='bbox 492 3847 666 3920; x_wconf 86' lang='lat' dir='ltr'><strong>decretalis,</strong></span> <span class='ocrx_word' id='word_1_252' title='bbox 694 3846 882 3909; x_wconf 89' lang='lat' dir='ltr'><strong>Nostratibns</strong></span> <span class='ocrx_word' id='word_1_253' title='bbox 903 3830 1020 3907; x_wconf 83' lang='lat' dir='ltr'><strong>omnem</strong></span> <span class='ocrx_word' id='word_1_254' title='bbox 1040 3847 1082 3910; x_wconf 85' lang='lat' dir='ltr'><strong>ad</strong></span> <span class='ocrx_word' id='word_1_255' title='bbox 1105 3851 1208 3917; x_wconf 86' lang='lat' dir='ltr'><strong>borro-</strong></span> 
     </span>
     <span class='ocr_line' id='line_1_36' title="bbox 177 3948 1042 4033; baseline 0 -23"><span class='ocrx_word' id='word_1_256' title='bbox 177 3966 228 4013; x_wconf 85' lang='lat' dir='ltr'><strong>res</strong></span> <span class='ocrx_word' id='word_1_257' title='bbox 250 3954 326 4011; x_wconf 88' lang='lat' dir='ltr'><strong>viam</strong></span> <span class='ocrx_word' id='word_1_258' title='bbox 346 3948 527 4033; x_wconf 83' lang='lat' dir='ltr'><strong>praeclusit·</strong></span> <span class='ocrx_word' id='word_1_259' title='bbox 1038 3960 1042 3965; x_wconf 89' lang='lat'>&#39;</span> 
     </span>
    </p>
   </div>
   <div class='ocr_carea' id='block_1_11' title="bbox 0 0 1276 4694">
    <p class='ocr_par' dir='ltr' id='par_1_12' title="bbox 0 0 1276 4694">
     <span class='ocr_line' id='line_1_37' title="bbox 0 0 1276 4694; baseline 0 4"><span class='ocrx_word' id='word_1_260' title='bbox 0 0 1276 4694; x_wconf 95' lang='lat' dir='ltr'><strong> </strong></span> 
     </span>
    </p>
   </div>
  </div>
 </body>
</html>
