2544 4694
535 480 544 485 -
578 398 733 493 ...iifl-„-

127 568 248 629 clesiam
267 560 614 627 Romano-catlrolieam
635 585 690 645 pro
710 583 796 637 vera,
826 564 1024 641 indubitata,
1046 564 1142 645 solaque

128 668 290 749 apostolica
311 672 342 727 et
362 646 717 745 universalsagnoseaut,
745 672 778 725 ct
798 666 918 725 stibnos
956 666 1001 727 ad
1026 664 1142 727 camna-

129 772 245 831 niouem
263 752 553 847 'corriessionemque
574 768 747 829 Pasclmlcm
778 768 970 847 tempestive
994 766 1143 848 disponant,

130 872 160 933 d.
181 873 212 931 4.
234 870 323 931 Mart.
345 872 445 945 loun
466 875 640 949 praeterea,
660 876 694 929 ιιι
714 869 825 941 Jurati,
858 868 1031 929 Tribunus
1063 868 1143 929 Plebis

129 978 269 1052 totusque
304 970 496 1051 Magistratus
525 970 859 1031 Romano-Catholicis
899 976 1094 1049 cooptetur,
1124 976 1143 1031 ιι

129 1074 256 1155 populas
277 1079 456 1153 tempestate
476 1073 622 1133 festorum
641 1071 842 1152 paschalium,
873 1072 1055 1133 salvificam
1074 1071 1143 1131 lidan

131 1173 314 1235 catholicam
346 1174 555 1253 amplectatur,
583 1174 613 1233 d.
642 1173 671 1233 1.
704 1172 769 1233 Oct.
800 1172 904 1245 16703
943 1172 1099 1252 amplius,
1120 1190 1143 1233 Ιι

130 1273 317 1337 Dissidentes
350 1275 424 1335 ullas
446 1273 523 1333 inter
544 1293 578 1334 se
597 1280 712 1333 mutuas
734 1272 1001 1352 congregationes
1026 1272 1143 1335 conve

130 1376 279 1457 tloulaque
298 1374 423 1451 iaciant,
453 1394 527 1436 neae
555 1376 587 1435 iu
612 1374 827 1455 praejudicium
857 1374 1029 1453 religionis
1064 1374 1143 1437 ortba·

117 1480 236 1555 doxae,
257 1478 406 1559 quidpiam
428 1481 581 1550 attentent,
611 1481 661 1535 ιιιι
693 1476 754 1535 suis
784 1476 1048 1554 persuasionibus
1077 1475 1143 1539 und

131 1579 341 1640 eulamentisae
362 1576 502 1657 populum
533 1578 570 1636 ab
592 1575 798 1655 amplectenda
826 1575 888 1634 lide
909 1576 1077 1639 catholica
1095 1594 1142 1637 aas

132 1686 221 1755 cent,
247 1686 298 1741 aut
325 1676 546 1758 qaromodolibet
577 1677 764 1749 alcterreant3
797 1675 955 1763 Ecclesias
999 1670 1142 1761 (Tempu)

132 1786 245 1855 canuc,
264 1781 301 1841 ab
322 1780 473 1840 haeretica
495 1779 561 1838 labe
581 1786 737 1858 purgatas,
766 1778 797 1836 iu
818 1777 884 1837 dies
905 1778 1041 1854 adeant,
1065 1780 1142 1859 iblpar

130 1882 238 1943 ritibus
258 1879 418 1942 catholicis
441 1880 598 1959 diligenter
617 1879 765 1949 intersint,
788 1878 859 1937 (1.8.
880 1876 953 1937 Jun.
978 1880 1091 1955 losa,
1111 1881 1140 1941 ir

132 2000 233 2062 super,
255 1988 288 2043 ιιι
309 2000 411 2041 omnes
433 1980 592 2040 Tredecim
603 1979 763 2058 Oppidani,
785 1998 852 2037 curu
872 1980 1040 2056 uxoribus,
1060 1980 1140 2043 llbfll

133 2090 166 2145 et
186 2083 329 2145 famulitio
349 2082 419 2143 ritui
439 2081 573 2143 llomauo
594 2101 702 2142 nomen
720 2081 807 2155 alent,
827 2082 859 2140 in
880 2080 1020 2159 ejusque
1043 2082 1139 2145 saw

134 2184 329 2246 confessione
357 2192 388 2246 et
418 2185 529 2246 Sacrae
556 2184 676 2246 coenae
716 2204 773 2244 usu
803 2202 873 2244 sese
900 2184 1007 2263 recipi
1045 2192 1140 2256 curu,

132 2286 163 2346 d.
184 2286 236 2345 20.
257 2285 346 2346 Mart
373 2286 472 2359 loa&
501 2286 647 2365 denique,
675 2291 708 2345 ut
738 2303 841 2344 omnes
870 2285 1042 2365 utriusque
1076 2304 1141 2349 sara

133 2386 258 2462 incolae,
285 2389 316 2447 in
346 2386 506 2447 'l'redecim
535 2386 662 2467 oppidis
690 2393 862 2460 manentes,
892 2386 1025 2465 abjecto
1061 2404 1139 2451 erran

133 2488 351 2548 imminentibus
372 2487 611 2547 Resurrectionis
631 2486 751 2547 Domini
771 2487 891 2560 Festis,
920 2486 1143 2553 confessione

134 2595 323 2669 peccatorum
342 2595 374 2650 et
394 2589 636 2649 communionem
656 2594 814 2668 peragant,
836 2589 865 2647 d.
887 2587 940 2647 24.
952 2588 1060 2653 Febr.
1073 2592 1143 2655 lott

134 2688 242 2752 Omnia
260 2709 332 2751 vero
352 2691 428 2751 baec
448 2690 588 2751 Mandata
612 2696 694 2751 tarato
716 2691 865 2751 severiora
886 2695 990 2765 erant,
1022 2688 1143 2775 quoda

133 2793 166 2852 iu
186 2791 343 2851 violatores
364 2791 471 2871 legum,
492 2810 607 2870 poenae
628 2790 778 2870 capitales,
799 2790 925 2850 mulctae
947 2798 1143 2871 gravissime

134 2911 203 2953 mox
224 2893 435 2967 ducentorum,
466 2911 536 2953 mox
573 2892 669 2964 mille,
705 2910 773 2951 mox
803 2898 850 2952 ter
880 2891 964 2951 mille
996 2915 1143 2959 auream

133 2994 211 3056 iutra
249 2995 455 3056 brevissimum
488 3001 606 3073 tempus
634 2995 897 3067 numerandorum,
926 3012 1003 3057 mox
1035 3000 1143 3080 privati

134 3095 263 3155 testandi
283 3094 424 3157 facultate
443 3096 698 3174 hereditatemque
729 3095 871 3167 adeundi,
904 3114 975 3157 mox
1007 3098 1143 3164 bonnm

134 3196 304 3275 publicatio,
336 3215 404 3256 mox
425 3196 553 3257 ademtio
577 3197 691 3278 jurium
721 3216 776 3276 per
802 3195 959 3274 Privilcgia
992 3218 1143 3267 eoum

135 3316 210 3373 rum,
231 3316 300 3357 mox
321 3299 473 3376 abrogatio
492 3316 656 3372 munerum,
677 3298 889 3358 statuebantur.

218 3397 325 3477 Neque
346 3399 519 3459 elementior
539 3399 657 3459 domino
678 3417 732 3458 suo
759 3397 817 3457 fuit
843 3399 874 3457 in
901 3397 1080 3467 'l'redeclm
1101 3399 1143 3487 Op

134 3499 259 3578 pidauos
273 3498 468 3578 Evangelicos
497 3498 764 3578 llice-capitaneus
777 3496 983 3575 Libloviensis,
1008 3508 1143 3569 Anam

136 3598 310 3675 taddeam
332 3598 532 3674 Mosobioalsi,
554 3600 605 3678 qui
625 3599 747 3659 decreto
769 3600 820 3659 11.
841 3600 944 3661 Martii
966 3603 1082 3686 1678,
1103 3608 1143 3671 lta

135 3702 243 3762 minias
272 3701 437 3762 Palmarum
470 3719 571 3761 omnes
603 3699 762 3761 Tredeeim
793 3701 963 3781 Oppidanos
985 3711 1143 3785 professio

135 3822 205 3864 nem
224 3801 296 3863 fidei
315 3800 649 3863 Romano-Catholicae
667 3804 700 3863 in
721 3802 856 3884 Templis
876 3802 1143 3873 Romano-cndu

137 3905 204 3965 licis
225 3904 327 3966 lacere
343 3902 446 3983 jussit,
467 3903 664 3964 obedientiam
684 3903 846 3983 objectoris
867 3923 996 3982 poenam
1021 3916 1143 3975 amisus

137 4005 184 4067 nis
204 4005 317 4067 bberae
336 4005 561 4088 Magistrataum
581 4005 745 4081 electionis,
781 4007 960 4069 detrusionis
982 4030 1024 4073 ex
1049 4018 1143 4081 offleii
