2544 4694
687 367 731 433 oa

610 460 814 471 ——ae-—

201 551 234 606 et
265 540 505 605 contradictioni.
528 544 692 623 perpetuae
722 539 887 616 obnoxiae,
911 540 960 601 ita
980 545 1015 602 ut
1034 536 1235 621 Elrnngelici,

202 665 351 726 nmrquam
371 645 497 725 recepti,
517 644 637 706 nonnisi
658 662 697 707 ex
717 645 813 725 gracia
833 643 940 725 Regia,
961 642 1102 728 quamdiu
1125 646 1237 705 terrae

201 748 329 828 principi
350 747 470 829 placet,
501 744 687 825 tolerentur,
718 763 874 827 regnoque
895 744 1137 855 quandocunque
1160 745 1237 827 ejici

202 850 328 931 possint.

286 951 372 1012 llaec
391 956 502 1037 puncta
521 914 678 1030 poslquam
698 947 856 1012 Nostrates
877 947 974 1011 solide
1000 902 1236 1011 confutasaeuta

151 1049 339 1115 ..Olenus
329 1053 452 1134 mjurias
473 1052 559 1113 uobis
580 1051 754 1131 lmpoaitas,
785 1049 834 1111 his
862 1050 1044 1130 argumentis
1075 1068 1236 1115 excusare

203 1162 236 1217 ιι
256 1154 422 1216 defendere
442 1153 580 1215 volebat:
611 1153 738 1233 primum
759 1151 872 1232 quod
856 1171 910 1234 Jus
931 1151 1122 1214 dominorum
1141 1152 1238 1215 terri·

203 1256 274 1318 torii
294 1255 406 1318 salvum
426 1255 520 1316 inerit
539 1254 696 1328 relictum3
725 1253 836 1315 deinde
856 1252 936 1333 quod
948 1259 1070 1333 praeter
1081 1251 1237 1317 Marma

202 1359 303 1439 regia,
320 1357 440 1437 ,quinus
468 1357 631 1437 parendum
661 1362 735 1432 erat,
763 1354 843 1417 nihil
869 1355 1026 1417 nobiscum
1045 1359 1152 1419 actum
1175 1355 1238 1432 uita

203 1465 267 1520 tum
285 1457 365 1538 qnod
385 1456 516 1520 conditio
528 1456 711 1520 Nostratium
738 1456 960 1520 accommodata
979 1456 1073 1519 fuerit
1095 1455 1237 1521 Resolu-

203 1561 278 1621 tioni
298 1558 517 1638 Leopoldinae,
551 1546 638 1645 ¹rerac¹
652 1578 709 1640 pro
727 1559 857 1639 genuina
877 1556 1086 1638 explanatione
1107 1557 1239 1629 araca

197 1661 301 1735 lorum
321 1659 416 1722 XXV.
444 1666 475 1721 ct
495 1658 603 1722 XXVI.
631 1679 680 1722 an.
703 1661 786 1721 1681
815 1660 920 1722 lraberi
950 1660 1058 1735 debet3
1086 1659 1238 1741 amplier,

205 1763 285 1842 quod
304 1763 487 1842 praestantia
502 1762 665 1844 religionis
687 1761 877 1838 Catholicae,
908 1762 939 1824 in
970 1762 1067 1823 hocce
1088 1760 1238 1826 Mariano

204 1871 236 1927 ct
266 1863 438 1943 Apostolico
466 1883 576 1944 regno,
606 1883 660 1928 nos
693 1864 781 1927 aliter
808 1870 939 1927 tractare
971 1881 1032 1925 non
1059 1864 1238 1944 permiffita

204 1970 361 2047 praeterea
395 1965 475 2044 quod
506 1967 559 2047 J'ns
591 1985 742 2027 sacrorum
780 1961 883 2049 (vulgo
914 1965 1044 2026 liberum
1071 1950 1245 2046 religioni.

205 2060 393 2147 exercitium)
431 2066 470 2127 ad
490 2072 573 2129 certa
592 2065 676 2143 loca,
698 2067 839 2129 vicesimo
861 2072 945 2128 sexto
966 2064 1105 2128 Articrdo
1127 2064 1237 2133 Comi-

203 2169 313 2235 tiorum
333 2167 498 2229 ιιιιιί1681
519 2168 648 2244 laudata,
667 2169 840 2230 restrictum
861 2169 921 2242 sit,
942 2166 1024 2228 uude
1044 2172 1161 2248 sponte
1182 2188 1238 2233 aaa

205 2276 361 2349 sequatur,
381 2269 496 2350 reliqua
524 2269 591 2330 loca
610 2269 650 2330 ad
670 2268 840 2331 catholicos
867 2267 1033 2348 pertinere,
1070 2275 1237 2362 postrema

205 2371 284 2450 quod
304 2370 467 2440 clausula
467 2372 552 2446 ,sine
562 2370 747 2452 praejudicio
767 2369 924 2451 religionis
942 2353 1155 2446 canticis&
1178 2344 1237 2437 (ls-

205 2471 324 2539 tlrolrcis
342 2473 395 2554 jus
415 2473 527 2543 tribuat
548 2474 647 2534 omnia
665 2470 809 2553 Templa,
838 2491 915 2551 quae
935 2471 985 2533 rel
1004 2471 1077 2551 ipsi,
1106 2473 1165 2535 vel
1184 2493 1237 2539 ao·

204 2593 271 2637 rum
297 2575 427 2656 majores
453 2579 642 2651 struxerunt,
663 2574 781 2635 etiamsi
810 2572 1023 2653 aliquamdiu'
1014 2588 1054 2638 m
1066 2572 1236 2658 Evangeli-

117 2668 124 2676 ’
206 2693 308 2737 corum
328 2676 440 2738 inerint
460 2682 619 2756 potestate,
640 2675 817 2755 recipiendi.

289 2777 472 2858 Argumenta
485 2778 562 2839 haec
577 2778 735 2841 Nostrates
755 2778 799 2839 ito
819 2776 991 2839 refutarunt
1011 2781 1045 2839 ut
1055 2716 1241 2843 docereris.

204 2877 473 2941 dus-Dominorum
488 2878 654 2941 .Territorii
678 2897 738 2940 non
764 2897 834 2940 esse
862 2880 939 2940 ad
924 2898 977 2960 Jus
1005 2881 1166 2945 sumendi
1199 2874 1242 2946 e'

204 2981 296 3043 rebus
317 2980 424 3041 divinis
444 2976 499 3064 (ad
520 2976 732 3065 conscientias)
753 2981 992 3057 extendendum
1026 2964 1228 3062 Regressa

204 3081 367 3147 solutiones
388 3082 480 3165 Legis
501 3083 707 3145 auctoritatem
726 3082 895 3164 intringere
913 3101 973 3144 non
994 3101 1102 3164 posse3
1133 3069 1232 3151 Resc-
1261 3128 1264 3135 -

205 3183 347 3253 lotionem
367 3186 436 3250 anui
458 3184 580 3246 linoln
599 3180 685 3266 Rege
705 3204 805 3266 neque
825 3186 1037 3265 subscriptam,
1058 3205 1168 3267 neque
1188 3189 1231 3251 lc·

73 3358 104 3371 ..
204 3281 309 3365 gitime
328 3284 552 3366 promulgatam,
574 3306 609 3347 ac
629 3294 786 3367 praeterea
805 3286 896 3367 Legis
918 3289 1084 3350 sentcntiae
1102 3306 1231 3368 preraua

35 3379 38 3386 ’
168 3412 172 3419 ·
204 3384 400 3463 contrariam,
429 3390 508 3451 omni
537 3388 567 3449 vi
588 3406 712 3464 carcrc;
742 3389 1011 3452 denominationem
1039 3389 1180 3455 locorum
1199 3392 1230 3453 ia

58 3552 62 3559 ,
92 3476 97 3482 ’
203 3488 343 3555 undecim
364 3488 578 3565 comitatibus,
609 3508 670 3553 non
690 3490 852 3552 excludere
881 3472 1064 3571 potestatem
1096 3492 1132 3559 in
1160 3492 1230 3557 atta

203 3588 277 3652 locis
292 3590 387 3652 deum
406 3591 505 3672 palam
524 3590 817 3673 colendi,primatnm
824 3590 1231 3659 Romano-Catholicaereli-

93 3776 99 3785 .
203 3694 319 3772 gionis,
347 3694 460 3757 nullum
481 3695 679 3757 concedere
665 3714 717 3776 Jus
737 3695 935 3777 Evangelicos
955 3695 1114 3777 religionis
1138 3696 1231 3761 ine·

203 3800 278 3871 tate,
299 3794 568 3873 Pacificationibus,
600 3797 816 3897 lliplomatilrus
838 3805 869 3860 ιι
889 3797 1021 3879 Legibm
1042 3798 1232 3874 confirmor,

203 3896 347 3975 privandi.
398 3897 498 3974 Quare
520 3898 735 3961 desiderabant
750 3898 907 3962 Nostrates
928 3906 962 3961 ut
981 3898 1117 3962 Articulo
1132 3898 1231 3965 ΧΗ

156 4086 158 4095 Ι
202 3996 399 4063 Gomitioruar
428 4000 498 4061 anni
513 4000 601 4063 :1081
633 3998 710 4084 (qui
734 4001 869 4064 Αιιίιιιιι
900 3999 996 4083 primo
1028 3999 1232 4067 Gemitlcrum
