2544 4694
535 390 740 404 m-

74 482 77 491 '
111 485 213 552 ¹tlculi
234 480 426 549 comitiorum
446 482 517 545 enni
537 480 619 543 1681
642 485 674 545 ct
691 478 776 541 lost
792 496 955 562 eorumque
967 476 1152 563 llxnlanstio

130 589 317 672 Lcopoldins
336 588 407 649 anni
428 587 529 663 10⁹1,
557 590 646 668 sunto
673 582 897 645 fundamentum
913 584 1026 665 Jurium
1038 590 1085 647 ot
1103 584 1159 653 be-

128 693 304 755 neficiorum
323 688 522 770 Evangelicae
541 686 700 751 Ecclesiae
718 687 751 747 in
771 686 935 766 Hungarla.
967 685 1161 749 Exercitiunr

129 794 283 875 religionis
315 790 516 872 Evangelicae
540 787 710 870 publicum,
737 788 777 850 ccl
806 788 874 851 loca
904 788 1078 850 articularia
1108 806 1161 851 re·

129 895 254 970 fertor3·
274 900 396 975 praetor
422 892 488 954 loca
514 893 591 954 lraec
611 910 765 954 sacrorum
785 909 877 967 usus,
904 891 1043 952 omnibus
1071 890 1164 971 regni

131 995 245 1060 civibus
263 996 343 1076 Aug.
365 1000 398 1056 et
415 993 504 1055 Helu.
526 989 732 1055 confessionis
752 992 871 1053 nonnisi
890 992 1024 1072 privatus
1048 991 1163 1054 admit-

130 1099 214 1162 titos.
264 1096 476 1158 Praedicantcs
506 1093 726 1173 restringnntor
753 1078 1102 1169 nomenniomen,
1131 1092 1166 1155 in

134 1199 243 1280 quibus
274 1203 415 1277 aegrotos
437 1201 468 1258 ut
484 1195 622 1275 captivos
642 1213 716 1255 anae
734 1193 889 1273 religionis
908 1194 1039 1258 invisere
1060 1194 1168 1275 iisque

131 1300 234 1363 utilem
255 1316 375 1379 opernm
396 1316 507 1359 uavsre
526 1301 676 1378 poterunt.
719 1294 754 1355 ln
782 1295 856 1358 locis
878 1294 1169 1367 Non-Articularl-

125 1403 190 1464 -bns
209 1400 378 1462 Acatlrolici
398 1398 534 1462 Parocho
561 1396 837 1459 Rom-catholico
863 1402 998 1477 parente.
1051 1396 1171 1463 cultus

132 1504 264 1584 prlvatus
285 1501 316 1563 in
341 1501 465 1564 aedibus
484 1499 750 1581 Evangelicomm‚
771 1499 837 1561 sinc
859 1517 1007 1560 concursu
1025 1498 1172 1580 plurium

133 1604 565 1684 momonm‚prop1uquorum
586 1607 644 1663 etc.
664 1601 826 1682 peragitor.
856 1599 1016 1663 'l'erritorii
1037 1600 1173 1670 Domini

133 1703 256 1767 iuribus
288 1703 350 1765 suis
381 1702 420 1764 ad
451 1701 676 1784 opprimendam
709 1702 957 1783 Evangelicomm
987 1703 1174 1767 libertatem

135 1805 216 1868 abuti
236 1812 327 1885 atque
344 1805 377 1865 in
397 1804 487 1869 rebus
509 1804 666 1867 Ecclesiae
678 1805 793 1883 absque
809 1805 894 1865 venia
907 1805 990 1885 regia
1004 1803 1174 1885 quidpiam

135 1903 292 1968 immutare
311 1905 398 1968 noim
419 1905 575 1968 ducnntor.
620 1905 925 1986 superintendentes,
951 1907 1175 1971 consentiente

137 2024 212 2088 roge
227 2006 391 2089 eliganter,
411 2005 551 2068 visitatio
571 2013 671 2068 tamen
687 2006 891 2084 Ecclesiunm
910 2007 1026 2069 ratione
1046 2007 1174 2089 baptis·

138 2108 180 2169 mi
207 2107 369 2190 Episcopia
389 2104 718 2169 Romano-Catholicis
747 2107 828 2171 adua
849 2114 986 2186 insumo,
1022 2100 1176 2175 veterum

139 2207 272 2271 Ministri
302 2208 475 2291 Evangelici
505 2228 525 2269 a
554 2207 766 2271 iurisdictione
793 2226 898 2271 sacrae
928 2208 1017 2273 Sedis
1049 2213 1176 2276 exemti

138 2316 235 2373 sunto.
267 2308 384 2372 Causae
403 2310 633 2373 matrimoniales
663 2311 910 2392 Evangelicorum
930 2310 1099 2374 secuudum
1118 2313 1177 2376 le·

71 2424 74 2431 '
138 2430 192 2493 ges
213 2431 318 2473 eornm
337 2412 475 2493 proprias
496 2412 529 2472 iu
549 2412 623 2473 sede
644 2431 731 2474 sacra
751 2412 925 2495 Episcopnli
939 2421 1176 2495 coguoscnntor

138 2518 171 2573 ct
197 2513 377 2594 judicantor.
423 2511 576 2594 Apostatis
600 2511 655 2593 'qui
675 2515 713 2576 ad
732 2514 936 2577 Protestontes
968 2514 1175 2595 defecerunt,

139 2612 297 2674 arbitraria
316 2630 414 2693 poena
433 2645 477 2658 -
497 2619 566 2674 ante
587 2633 675 2694 quum
696 2614 735 2676 de
755 2634 809 2676 reo
829 2606 971 2696 copiatum,
996 2618 1063 2697 regi
1081 2618 1174 2683 insli-

139 2713 234 2775 canda
259 2746 303 2758 —·
330 2714 491 2793 irrogatum
520 2714 649 2795 disparis
677 2714 831 2801 religionis
857 2717 959 2797 sponsi
978 2737 1082 2779 coram
1108 2720 1174 2783 Sa-

139 2815 262 2876 cerdote
289 2813 561 2877 Rom-catholico
589 2817 706 2897 nuptias
720 2817 915 2902 ¹conciliento.
957 2818 1031 2881 Dies
1060 2820 1173 2887 festos

44 2994 47 3000 ι
141 2917 309 2979 decretales
330 2916 535 2981 Protestnntes
557 2938 685 2998 quoque,
706 2940 764 3000 qua
783 2920 883 2982 forum
904 2927 1059 2983 externum
1079 2923 1172 2987 cele-

61 3090 65 3098 ,
139 3021 261 3096 bronio,
293 3021 466 3082 nominatim
497 3039 570 3085 vcro
606 3023 737 3087 crfiflces
770 3029 801 3085 et
829 3024 953 3105 opifices
986 3002 1171 3105 Evangelici

138 3123 232 3183 sacris
254 3120 540 3192 obambulatiouibus
562 3120 832 3209 (processionibus)
860 3126 1036 3186 intersuntn.
1089 3126 1169 3191 Jus-

136 3210 300 3304 jurandum
328 3223 366 3284 ab
395 3223 454 3300 iis,
490 3225 542 3305 qui
570 3226 694 3287 munere
715 3227 772 3309 silai
791 3228 986 3305 ambiuntr-
1004 3226 1168 3293 iudicibus

138 3323 372 3405 Mogismatibus,
395 3323 558 3388 Causarum
571 3326 718 3405 Patronis,
738 3322 782 3374 '—
793 3331 940 3412 exceptis
955 3336 1055 3391 tamen
1073 3332 1167 3393 testi·

139 3425 215 3501 bns,
235 3425 296 3488 ritu
315 3425 474 3488 Pontificio
493 3427 599 3505 dator,
620 3430 798 3519 uominanclo
824 3429 984 3513 Dciparam
1004 3428 1167 3512 Virginem

142 3529 174 3587 et
195 3523 351 3589 sanctam

222 3625 296 3688 Post
314 3628 531 3711 promulgatam
550 3632 665 3697 hancce
685 3632 911 3698 Resolutionem
930 3635 1110 3717 Evangelici
1129 3638 1165 3701 in

141 3726 294 3811 Hnugaria
313 3749 374 3793 uon
393 3732 518 3795 meliore
539 3718 627 3815 qnam
647 3741 737 3814 ante,
765 3739 812 3801 usi
832 3744 902 3800 sunt
922 3738 1058 3814 fortuna,
1086 3757 1164 3819 par—

142 3830 197 3890 tim
206 3830 286 3911 qnod
297 3832 364 3913 ipsa
379 3832 456 3894 haec
476 3833 633 3898 Resolutio
647 3836 834 3903 Nostratibnns
849 3840 989 3903 vexandis
1002 3841 1164 3905 materiem

142 3930 521 4015 suppeditaveritspnrtim
543 3938 622 4017 quod
644 3937 766 4017 Cleme,
792 3946 824 4004 et
845 3942 896 4022 qni
917 3961 985 4005 cnm
1007 3934 1044 4005 eo
1064 3941 1178 4009 facie-‘
