2542 4702
512 384 705 479 ...EQ

97 576 188 637 quam
208 556 256 619 faa
274 564 331 633 est,
352 556 537 637 protrahant.
564 556 622 617 llis
637 564 735 619 moon
754 550 898 638 Princeps
919 559 948 618 d.
969 556 1020 621 25.
1035 558 1116 621 Juuii

90 658 182 721 1717
215 658 329 734 sumit,
358 677 417 720 non
449 657 546 719 solum
565 676 606 720 ue
625 656 799 739 Evangelioi
819 666 974 721 extraneos
995 661 1033 722 ad
1053 662 1114 741 pri·
1241 708 1244 717 .

84 765 177 821 vana
210 759 313 821 domos
343 758 515 833 admittant,
544 778 630 819 soora
667 765 770 819 eontra
800 759 1114 824 Romano-conones

81 858 256 941 diligenter
285 843 412 935 obeunt,
442 858 498 921 sed
525 861 616 921 etiam
637 864 670 919 ut
689 860 848 922 violatores
868 860 1014 925 festorum
1032 865 1113 925 serio

76 962 264 1039 puniantur,
285 958 433 1023 (lutlroliei
454 960 631 1022 Sacerdotes
653 961 690 1020 ad
711 968 861 1040 aegrotos,
884 964 993 1025 meotis
1013 964 1112 1026 adhue

75 1068 270 1144 compotes,
298 1064 354 1124 sub
384 1062 548 1143 privatione
578 1061 809 1123 Ecclesiastioae
829 1064 1001 1142 sepulturae
1021 1066 1111 1127 adro-

72 1168 216 1239 centnr,
237 1181 323 1225 soora
342 1162 536 1244 Euangeliou,
566 1162 645 1223 ultra
663 1162 766 1222 horam
788 1169 919 1224 octavam
939 1168 1111 1227 matutinam

68 1272 148 1341 lion
178 1248 394 1349 producantur.
443 1264 571 1344 Reliqua
600 1266 678 1325 vitae
707 1263 765 1324 Th.
797 1264 983 1329 Constantini
1012 1266 1111 1331 Lubo·

65 1362 198 1429 mtrski
225 1367 361 1450 pars„sl
386 1366 494 1428 Edicta
515 1367 577 1428 diei
594 1366 646 1426 20.
666 1366 733 1426 Jan.
757 1367 838 1429 1722
860 1373 891 1429 et
912 1370 972 1431 diei
992 1372 1022 1430 o.
1043 1369 1108 1431 Jau.

66 1460 178 1531 1728
208 1469 385 1551 exceperis,
417 1468 509 1542 nihil,
553 1469 631 1548 quod
661 1469 698 1529 ad
729 1469 922 1551 Evangelioos
952 1470 1111 1533 Tredeotrn

73 1560 274 1653 Oppidanos
294 1572 477 1652 pertineret,
504 1571 703 1632 memorabilis
724 1572 864 1632 eontinet.
913 1571 1007 1633 Priori
1035 1572 1112 1640 Sena

61 1668 194 1737 ottone
213 1674 343 1736 loannes
364 1672 554 1747 Kallrouski,
588 1672 797 1754 capitaneatns
819 1672 1025 1754 Soepnsiensis
1046 1672 1109 1737 iln-
1183 1746 1185 1757 Ι

45 1758 251 1862 ,Bermion
282 1775 455 1856 praecepit,
486 1781 520 1835 nt
540 1773 661 1835 ludicen
686 1768 720 1836 in
741 1773 900 1836 Tredeoim
922 1775 1047 1856 Oppidis
1068 1778 1108 1839 ils

59 1878 247 1959 exeeptis,
266 1878 300 1938 in
320 1877 427 1958 quibus
448 1876 496 1937 vel
517 1875 605 1951 ordii,
627 1875 674 1936 uel
694 1876 814 1938 inutiles
835 1882 867 1938 et
886 1878 977 1938 rudes
999 1877 1108 1940 Callio-

57 1958 136 2036 lint
170 1984 258 2054 sunt,
290 1998 376 2039 soora
405 1976 538 2038 Κοιιιιιιιι
563 1978 769 2057 profiteantur.
820 1977 982 2041 Posteriori
1001 1979 1108 2041 Eldleto

58 2076 233 2161 Princeps
255 2081 383 2160 primum
405 2080 442 2140 ob
463 2080 607 2140 illibatam
628 2077 719 2139 iidem
740 2085 772 2141 et
793 2086 938 2160 promtam
958 2080 995 2141 ad
1017 2100 1107 2160 qnae-

58 2170 126 2235 Vifl
153 2181 299 2243 Mandata
318 2180 532 2255 obedientiam,
559 2180 756 2260 Evangelioos
786 2180 943 2242 Tradeoim
974 2181 1105 2262 Oppida·

32 2293 40 2303 ’
60 2282 141 2341 1101
165 2284 298 2345 omnium
318 2302 488 2358 munerum,
520 2281 645 2342 Comitia
674 2301 791 2362 quoqne
813 2288 844 2344 et
863 2282 1000 2344 ludionm
1018 2303 1106 2364 oopa-

63 2388 137 2443 Ges
163 2384 311 2460 declarat,
333 2386 407 2446 oitra
428 2390 525 2445 umen
547 2384 763 2464 neglectionem
785 2383 1025 2459 catholicorum,
1055 2406 1106 2447 re·

63 2466 142 2545 bus
174 2486 317 2567 gerendis
348 2486 536 2559 idoneornm3
565 2485 674 2545 deinde
703 2484 782 2545 serio
812 2484 970 2547 demandat
995 2494 1029 2548 ut
1049 2505 1105 2567 pro

63 2583 245 2650 ⁸²¹ldiendis
285 2588 470 2648 sermonibus
502 2589 597 2647 sacris
629 2586 732 2647 diebus
763 2586 879 2647 llomiui
910 2587 948 2648 ad
980 2587 1105 2670 Templa

61 2666 274 2751 Paroonialio
295 2687 461 2762 catholiea,
482 2690 537 2748 snb
559 2688 665 2768 poenis
686 2687 868 2763 arbitrariis,
896 2689 954 2750 uisi
974 2689 1105 2770 legitima

60 2789 178 2853 “ssusa
199 2797 338 2862 excuset,
360 2796 564 2869 eompareaot3
586 2796 649 2850 tum
669 2788 780 2849 liberos
802 2790 939 2850 alteratio
959 2791 1007 2851 vel
1022 2798 1104 2853 ntro-

58 2891 144 2954 (er
166 2878 292 2973 parente
320 2890 639 2953 Romano-catholieo
660 2896 761 2966 notos,
790 2892 828 2952 ad
849 2890 952 2952 domos
972 2893 1102 2972 privatas

56 2968 258 3077 (Or-atarto)
286 2993 401 3056 admitti
421 2998 521 3067 vetat,
550 2993 678 3072 deniqne
698 2992 859 3073 praecipit,
879 2999 914 3053 nt
935 2995 985 3072 qni
1006 2995 1102 3055 ‹liver-

52 3088 151 3157 8Εῐῐι
170 3097 204 3157 in
223 3094 369 3176 religione
388 3093 555 3174 profitenda
576 3094 606 3153 in
627 3093 784 3154 formulam
809 3100 980 3173 sequentes,
999 3096 1102 3156 mutri-
1127 3092 1132 3101 ’

49 3186 218 3259 monium
251 3196 442 3271 contrahunt,
475 3200 546 3257 aute
573 3194 651 3255 illius
672 3194 923 3274 inaugurationem
944 3204 1101 3274 praesente
1230 3244 1232 3249 ,

49 3268 222 3361 Pur-ocho
243 3296 430 3377 stipulentur,
453 3317 505 3359 eos
532 3296 641 3358 liberos
662 3315 721 3357 uon
741 3297 774 3357 in
794 3296 861 3371 alia,
882 3316 969 3376 quana
988 3299 1019 3358 in
1039 3296 1101 3359 Ro-

48 3386 365 3461 ¹¹liano-catholica
385 3399 530 3479 religione
550 3400 727 3460 educaturos
749 3418 826 3459 esse.
875 3398 1026 3478 Rescripti
1045 3400 1101 3460 hu·

42 3472 131 3555 3¹¹8
157 3520 227 3582 para
249 3501 414 3580 posterior,
436 3505 517 3562 tanto
537 3501 630 3580 magis
651 3498 813 3559 vulneravit
834 3498 992 3561 'lredeoim
1007 3501 1100 3581 Oppi-

47 3575 181 3665 ‘l‘llroa
201 3601 407 3682 Evangelioos,
430 3603 507 3681 quod
528 3602 680 3678 vetaverit,
700 3621 740 3661 ne
761 3601 839 3680 apud
861 3600 1005 3664 Comitem
1022 3601 1099 3663 Tre-

46 3674 185 3767 *lecim
213 3704 398 3785 Oppidorum
431 3703 641 3763 conventicula
674 3708 707 3763 et
725 3701 986 3783 congregationes
1012 3704 1098 3765 iusti-

49 3783 180 3867 tutant.
228 3803 356 3866 Volebat
387 3805 497 3884 qnippe
527 3823 653 3878 cavero,
681 3823 721 3865 ne
740 3804 912 3884 Evangelioi
932 3803 1098 3867 deliberent

52 3878 121 3957 ¹¹¹2
148 3906 251 3981 modo,
272 3907 363 3967 rebus
384 3906 445 3967 suis
469 3905 651 3966 oonsuloodi.

172 4008 217 4069 lix
237 4008 285 4070 lais
298 4012 344 4069 sat
359 4026 507 4091 superque
522 4014 619 4089 patet,
631 4007 829 4071 conditionem
843 4007 1096 4088 Evangelioorum,
