2544 4694
617 248 626 283 Ι

482 376 485 381 ’
543 365 746 465 ,Ψ-

136 542 245 621 lisier,
276 538 382 605 Monte
411 540 624 626 Georglcnsis,
656 548 688 606 et
715 539 806 607 Jonas
837 540 971 625 Iil'rnsr,
1007 534 1167 617 'l'radec'ur

136 647 322 727 lippidorum
340 646 490 722 Notsrius,
511 648 543 707 in
558 644 710 707 l’oloniam
731 647 877 729 sblegsti,
901 650 1096 731 priusqam
1114 652 1167 715 lle·

134 744 204 829 gem
225 748 350 831 adirent,
372 747 517 828 Principis
532 746 700 808 Sebastiani
715 746 904 811 Lubomirsli
923 770 1024 832 opem
1044 758 1079 815 c't
1095 756 1166 817 surl-

135 849 209 911 lium
229 850 444 930 implorabunt3
478 850 528 930 qni
548 848 611 910 viso
632 867 685 926 eo,
717 846 876 911 Tredecim
905 851 1099 933 Oppidanos
1118 856 1163 919 lu

133 952 346 1035 praesentandi
365 952 402 1013 ad
422 950 576 1014 Ecclesias
598 948 644 1035 (id
665 956 713 1013 est
726 951 778 1033 jus
794 954 929 1015 coetibus
944 958 1053 1019 sacris
1069 978 1163 1021 ascros

125 1054 281 1115 ¹Curiones
312 1052 489 1135 Myrtasque
518 1048 726 1136 praeficiendi)
752 1052 883 1131 bebere,
904 1056 943 1117 iis
965 1064 1086 1121 auctor
1104 1060 1163 1139 luit,

139 1162 175 1219 ut
193 1159 222 1218 si
242 1159 309 1237 ipse
331 1157 473 1217 cracovia
495 1152 684 1232 discesserit,
706 1154 784 1237 Regi
803 1176 859 1237 pro
878 1156 1080 1241 Privilcgiis,
1109 1164 1165 1244 qui-

134 1258 190 1321 bus
211 1259 360 1339 gaudent,
381 1258 494 1320 illaesis
513 1258 721 1339 inviolatisque
739 1260 957 1336 conservandis,
980 1264 1163 1345 suppliomt

132 1359 168 1421 Si
187 1378 258 1421 sero
284 1358 350 1421 Rex
378 1360 568 1421 nihilominus
596 1358 787 1440 postulationi
815 1378 887 1421 suae
914 1362 1098 1442 insisteret,
1117 1386 1163 1431 eos

132 1460 260 1543 Temple
280 1462 412 1525 retinere
433 1460 646 1549 declmarequc
664 1461 775 1542 jussit,
803 1461 889 1524 nefas
911 1463 957 1525 eis
983 1484 1063 1529 esse
1085 1458 1165 1529 l’rln

132 1564 201 1644 cipe
221 1564 316 1625 inscio
337 1569 369 1624 ct
388 1564 489 1639 inrito,
509 1564 542 1625 iu
563 1565 667 1625 ordine
683 1563 808 1625 solemni
826 1564 979 1646 quidpiam
993 1567 1164 1633 immature

131 1664 314 1727 Discedente
339 1663 512 1725 Lubomirio
542 1662 705 1726 'l’redecim
737 1663 886 1746 Oppidani
905 1668 1026 1746 nuncii
1048 1670 1164 1753 Reges

131 1767 226 1828 literis
247 1766 431 1847 supplicibus
451 1767 658 1847 precabantur,
678 1771 713 1828 ut
734 1786 786 1828 eos
807 1768 839 1827 iu
856 1766 1060 1848 possidendis
1078 1772 1164 1836 Tem

130 1870 190 1951 plis
212 1870 411 1930 confirmaret.
454 1868 570 1929 Libello
592 1868 690 1944 lecto,
722 1873 756 1930 nt
776 1869 835 1931 sibi
855 1868 1081 1951 sigismundus
1102 1896 1164 1959 per·

131 1970 275 2033 suaderet
295 1969 461 2030 'l'redccim
478 1968 644 2051 Oppidanis
664 1968 718 2030 dus
731 1968 916 2048 Patronatns,
938 1974 1024 2052 quod
1048 1984 1165 2055 vocari,

130 2071 313 2153 Privilegiis,
346 2071 443 2152 qualis
474 2071 506 2134 in
530 2070 653 2132 Polonia
672 2072 754 2133 nrnlla
773 2070 903 2134 babebat
924 2073 1066 2156 Civitas,
1102 2056 1165 2145 esse

131 2194 326 2237 concessum:
348 2174 417 2253 ipse
437 2172 488 2233 ille
508 2172 658 2253 inspicere
678 2172 778 2233 noluit.
820 2171 906 2235 llaec
925 2183 1103 2260 postqum
1123 2202 1165 2245 ω-

130 2278 263 2359 cepisset
284 2281 315 2337 et
334 2274 367 2335 ln
387 2294 496 2335 nonam
517 2294 612 2354 usqne
633 2273 713 2335 diem
739 2274 917 2338 detinuisset
935 2280 1072 2346 tandem
1096 2283 1165 2349 See
1199 2334 1208 2351 -.

129 2381 315 2470 pusiensium
336 2396 457 2438 suorum
479 2376 609 2456 legatis,
636 2397 695 2458 per
714 2364 1042 2445 Vice-Caudellarium
1066 2386 1166 2449 decis-
1197 2390 1200 2405 '

128 2484 189 2542 rari
205 2481 308 2563 jussit,
329 2478 433 2539 videre
453 2499 488 2539 se
510 2477 671 2540 Tredecim
692 2478 862 2559 Oppidanos
883 2479 937 2543 lus
958 2482 1092 2551 babere
1110 2488 1165 2553 llll-
1205 2506 1208 2513 '

128 2585 240 2645 nistros
261 2580 395 2655 vocandi,
417 2598 485 2640 cum
505 2598 577 2642 vero
598 2580 642 2640 illi
663 2599 722 2642 non
745 2581 913 2658 Ministros,
934 2584 991 2645 scd
1012 2585 1163 2653 Pastum

129 2684 219 2761 alant,
239 2684 308 2747 lieri
328 2701 389 2743 non
408 2700 511 2763 posse,
534 2688 567 2743 nt
587 2681 654 2743 illos
675 2682 753 2744 ultre
773 2685 904 2744 retinere
920 2686 1050 2764 queant·
1073 2690 1163 2764 Prae·

130 2788 234 2868 cipere
255 2786 347 2866 igitur
367 2804 417 2860 se,
439 2790 472 2845 ut
490 2783 539 2845 vel
561 2782 732 2865 catholicos
752 2784 908 2847 lllinistros
931 2794 1099 2871 coopteut,
1118 2792 1162 2856 vd

130 2889 257 2971 Temple
276 2887 545 2967 Archi-Episcopo
567 2884 753 2963 Golotsensi,
774 2887 906 2949 Martino
926 2887 1074 2971 Petheii,
1096 2896 1163 2961 red-

131 2988 219 3067 daut',
240 2990 349 3070 alioqui
369 3008 468 3070 poene
487 2989 604 3065 tocco
623 2988 818 3051 Florenorum
839 2990 1001 3071 plectendi.
1024 3027 1078 3043 ·-
1098 2998 1162 3061 Νοιι

130 3093 224 3154 veluit
255 3091 414 3171 explicatio
443 3089 646 3166 Nostratium,
675 3091 815 3153 Pastores
844 3092 923 3153 inter
943 3098 976 3154 et
995 3094 1179 3181 Minjfltm.

61 3272 63 3276 y
131 3194 243 3256 unllam
272 3213 340 3256 esse
369 3192 583 3268 differentiam
614 3212 790 3273 responsum
822 3195 902 3255 euim
931 3193 991 3257 fuit
1020 3180 1164 3265 nuneib':

130 3295 316 3375 „secundnm
340 3313 410 3370 vos,
442 3292 578 3356 sednon
600 3295 765 3356 secundum
785 3298 871 3356 nos.“
922 3288 1027 3375 Qdare
1060 3290 1164 3367 nundi

131 3400 197 3461 viso
218 3418 255 3460 eo
277 3416 394 3459 omnem
409 3395 580 3457 ulteriorem
602 3395 844 3477 supplicationem
861 3398 936 3459 nihil
953 3400 1164 3485 profuturam,

133 3501 285 3581 negotium
304 3501 385 3561 inter
406 3498 502 3559 scita
522 3498 625 3578 partiti
646 3504 733 3576 sunt,
762 3506 796 3560 ut
815 3497 906 3561 Jonas
927 3484 1045 3565 llirner
1067 3508 1165 3591 prim,

115 3622 222 3691 xquam
242 3599 420 3680 Andahdny,
451 3616 519 3660 cum
547 3598 697 3661 Mandatis
718 3594 822 3680 Regiis
844 3602 881 3661 ad
903 3601 1095 3684 Scepusium
1115 3632 1166 3677 ro,-

133 3707 316 3777 verteretur,
344 3702 501 3763 celerrime
528 3700 646 3762 domum
668 3701 821 3779 revolans,
842 3702 960 3784 templis
982 3712 1165 3779 custodim-

64 3872 68 3878 ‚
134 3805 180 3867 dis
193 3805 388 3887 prospiceret,
405 3804 473 3885 ipse
487 3802 676 3886 verqcomes
687 3823 754 3864 oum
763 3803 870 3865 Baiero
879 3804 917 3866 ad
925 3805 1119 3895 Principem,
1135 3816 1167 3880 {a

134 3906 303 3988 Nowajowa
332 3910 585 3987 commorantem,
623 3923 693 3967 sese
725 3904 891 3982 conferret,
923 3907 995 3987 quid
1028 3918 1167 4001 ampliu.

105 4012 110 4023 =
134 4013 202 4071 mm
223 4026 298 4090 opu,
319 4012 417 4084 emt,
436 4006 668 4089 perquisiturus.
706 4004 885 4087 capitaneus
906 4010 1075 4080 consilium
1094 4030 1167 4085 autc
