2544 4694
495 346 700 453 Q

132 504 399 601 '=1⁵raedieantes,
430 524 457 586 si
482 516 563 585 desta
592 514 754 585 decretalia
776 522 1003 587 catholicorum
1027 524 1120 589 andl-

86 628 200 690 toribns
221 649 278 691 non
298 627 475 703 iudicabant,
496 624 526 687 d.
547 624 579 686 8.
600 622 667 686 lun.
699 624 783 687 liat
803 626 926 688 florenis
948 627 1118 689 duodecim

85 728 311 793 mulctabantur.
355 729 442 790 Ohe!
460 729 524 810 jam
544 727 616 790 satis
639 727 765 789 eatottt
792 811 795 815 Ι

101 810 105 817 ’
157 822 204 893 “si
218 831 334 892 Mariae
354 831 519 891 Theresiae
540 820 607 890 R'ex
629 830 832 904 successisset,
854 828 931 889 illius
949 830 1118 911 principiis

88 934 237 1008 imbutus,
269 940 300 993 et
321 940 390 992 tam·
410 932 497 1011 longa
518 949 663 991 anulorum
692 930 772 990 serie
793 930 831 989 ad
850 930 964 991 clavum
985 932 1119 1009 sedens,

86 1034 390 1117 lirangelica'rcligio
410 1035 441 1093 in
461 1033 615 1113 Hmrgaria
635 1030 716 1092 baud
737 1032 826 1093 dubie
847 1050 973 1112 prorsus
996 1032 1119 1097 luisset

90 1138 243 1201 exaurata.
286 1136 445 1196 Eulrnvero
465 1134 578 1194 numini
597 1132 718 1213 placuit,
741 1126 806 1192 eam
827 1134 864 1192 ab
884 1134 1026 1194 interritu
1046 1136 1120 1197 viu·
1178 1206 1179 1211 η

90 1239 201 1301 dicare
243 1236 324 1298 Usus
356 1243 455 1298 autem
483 1242 531 1297 est
562 1237 594 1296 iu
623 1233 710 1296 nobis
740 1234 893 1295 servandis
923 1236 999 1296 deus
1021 1234 1121 1301 ,Ιοιο-
1178 1232 1179 1243 ’

57 1388 59 1393 .
91 1340 153 1423 pho
174 1338 226 1416 ll.,
247 1336 400 1425 Leopoldo
418 1336 454 1397 ΙΙ.
477 1342 508 1397 et
528 1336 689 1398 Francisco
709 1336 743 1412 l,
764 1336 997 1417 imperatoribus
1020 1338 1120 1401 Hun-

88 1430 251 1522 garlteque
271 1438 421 1519 Regibus,
447 1438 498 1517 qni
519 1439 599 1498 omni
620 1443 726 1498 conatu
747 1445 890 1517 egerunt,
925 1446 958 1498 ut
979 1438 1119 1503 Nostro-

90 1540 168 1603 tibns
199 1541 389 1621 pristinorum
420 1537 619 1618 legitimorum
640 1538 853 1600 beneficiorum
884 1545 914 1602 et
934 1540 1120 1622 privilegio-

87 1662 154 1704 rum
182 1660 300 1702 usuram
328 1638 529 1700 conciliarent
576 1639 641 1715 Qua
671 1640 703 1698 in
731 1658 766 1699 re
794 1641 830 1715 al,
852 1641 934 1720 qnod
953 1643 1121 1720 petebant,

88 1738 241 1806 consecuti
261 1761 320 1802 non
340 1749 426 1816 suot,
454 1754 571 1822 nosque
588 1742 619 1801 lu
640 1741 830 1820 perfruendis
851 1743 959 1803 nostris
982 1741 1120 1809 Jurloaa

89 1847 170 1906 varie
190 1836 286 1903 adhuc
313 1842 480 1903 turbamur=
513 1843 546 1904 id
574 1842 655 1902 Cleri
684 1842 772 1924 culpa
801 1843 933 1920 accidit,
952 1845 1005 1924 qul
1038 1864 1118 1909 mox

87 1945 263 2027 iruportrmis
284 1945 346 2006 suis
367 1944 638 2018 sollicitationibus,
666 1944 847 2025 imperantes
869 1947 950 2025 ipsos
972 1946 1013 2007 ad
1037 1949 1119 2017 enn-

92 2047 190 2109 denda
230 2047 344 2121 edicta,
382 2046 463 2127 legis'
499 2047 705 2107 auctoritatem
742 2046 875 2108 nonnihil
901 2048 1120 2145 irriringeutia¹

93 2149 190 2210 acriim
207 2148 365 2223 incitabat,
384 2138 452 2210 mox
468 2145 566 2228 Regni
576 2147 655 2208 Fora
670 2146 900 2229 Tribuualiaque
913 2149 982 2211 odio
995 2160 1121 2227 ‚contu

89 2268 144 2311 nos
165 2228 478 2333 armabat‘mox'lpse
499 2250 629 2328 quamvis
651 2251 854 2326 occasionem,
885 2270 991 2311 noxam
1021 2256 1120 2317 nobis

88 2350 236 2437 inferendi
256 2358 388 2430 promtus
410 2351 579 2428 arripiebat.
637 2348 699 2409 Sed
720 2370 898 2430 exponamus
921 2352 1118 2434 singulatim,

90 2452 160 2532 qnid
182 2453 324 2512 celebrati
345 2450 445 2530 Reges
467 2453 498 2510 io
519 2451 701 2511 Nostratium
723 2453 908 2513 commodmn
928 2452 1053 2517 fecere.
1115 2506 1119 2513 .

125 2584 128 2589 ·
173 2552 323 2633 Josepbns
344 2551 388 2610 ΙΙ.
408 2551 548 2631 princeps
570 2552 678 2631 insigni
698 2554 853 2633 sapientia,
875 2554 1062 2620 liberalitate
1086 2570 1122 2624 et

90 2653 238 2735 aequitate
260 2654 444 2733 conspicuus,
466 2652 589 2713 simulac
604 2652 773 2733 Regnorum
794 2655 994 2735 gubernacula
1018 2662 1122 2742 cepit,

91 2755 240 2818 liciatum
266 2755 475 2843 lblerantt'ule
496 2755 524 2814 d.
546 2754 597 2814 20.
610 2755 675 2816 Oct.
690 2757 770 2816 1781
793 2757 930 2836 varlgavit,
953 2779 1012 2838 qno
1037 2762 1121 2829 lura

91 2865 122 2918 et
142 2856 293 2918 Beneficia
314 2840 561 2937 Evangelicoium
581 2856 612 2916 in
629 2857 783 2937 liungaria
804 2878 964 2939 eorumque
985 2862 1028 2921 ad
1053 2866 1120 2929 Ea-

91 2959 210 3020 clesiam
225 2954 399 3019 ¹Romano·
412 2957 592 3018 Catholieam
624 2960 785 3035 rationem,
818 2962 921 3021 finivit.
964 2963 1119 3029 Edictum

89 3063 183 3122 hocce
204 3061 351 3121 universis·
376 3059 558 3121 Acatlaolicis
579 3060 673 3121 ubivis
694 3061 846 3136 locorum,
867 3064 918 3122 ubi
939 3063 982 3123 eis
999 3048 1118 3145 publi-

91 3182 157 3224 cum
178 3162 328 3243 religionis
350 3163 524 3225 exercitium
545 3180 603 3222 rrorr
625 3166 774 3242 competit,
796 3165 960 3243 privatum,
992 3167 1118 3250 absque

92 3265 171 3325 omni
192 3265 373 3344 quaestione,
396 3283 432 3324 an
454 3264 526 3324 illud
546 3264 578 3324 iu
598 3263 650 3325 tali
672 3267 739 3326 loco
759 3285 887 3344 unquam
900 3266 1021 3329 solitum
1043 3271 1118 3335 fue-

90 3369 148 3442 rit,
160 3367 208 3426 tel
228 3368 339 3441 minus,
367 3368 517 3440 concedit,
546 3369 642 3446 iisque
662 3369 714 3427 ubi
736 3375 855 3428 corinun
875 3367 1006 3431 familiae
1030 3382 1117 3451 sunl,

92 3474 270 3550 potestatem
299 3469 400 3529 tribuit
429 3458 571 3544 (lectoria,
601 3503 643 3514 —
672 3469 840 3545 Turribus,
869 3470 1052 3551 Campanis,
1081 3484 1119 3539 et

91 3570 214 3631 lbtroitu
228 3580 264 3630 ‘ex
278 3570 377 3650 platea
393 3568 510 3650 publica
532 3570 659 3630 caritura
675 3604 717 3614 -
730 3570 818 3631 modo
831 3573 941 3633 tributo
963 3566 1117 3639 solvendo

91 3672 204 3733 nullum
219 3673 395 3751 importetur
412 3654 630 3747 detrimentum,
652 3672 804 3746 struendi3
825 3673 964 3734 Pastores
982 3660 1122 3758 (aegros¹

93 3784 211 3854 qnoque
231 3769 392 3856 iuvisuros)
414 3780 446 3833 et
460 3773 674 3833 Ludirectores
696 3775 918 3850 introducendi,
940 3762 1115 3855 atque'noss

92 3876 222 3935 cessaria
244 3894 298 3955 pro
328 3876 365 3934 iis
394 3874 531 3935 aedificia
559 3876 704 3954 ponendi3
736 3875 924 3936 Acatlrolicos
950 3896 1115 3943 munerum

93 3983 125 4040 et
145 3978 319 4060 dignitatum
340 3977 524 4059 publicarum
545 3997 670 4058 capaces
692 3977 831 4054 declarat,
852 3999 964 4059 eosque
984 4000 1003 4042 a
1021 3980 1115 4065 jur'c-
