2542 4702
600 401 663 463 8⁰1

123 591 204 645 mor,
236 578 269 632 ut
299 571 556 631 honorificentiam
587 568 681 648 Regis
710 568 839 629 vindicet
868 564 976 631 comiti
998 574 1055 632 ato.
1096 569 1138 632 nt
1232 587 1235 594 ·

121 690 207 732 mora
229 672 283 733 isti
304 682 361 733 nou
382 677 488 752 putant
508 690 594 745 reos,
625 671 675 750 qui
696 669 840 733 honorem
860 671 985 734 nominis
1006 670 1064 732 Dei
1085 672 1138 734 (Ιο-Ι

120 773 223 834 ferunt
250 779 420 848 creaturae,
459 779 490 833 et
528 752 633 833 reliofo
660 770 785 832 Domino
816 791 974 834 conservos
1007 773 1137 836 adorant.

121 875 207 935 Nunc
228 875 321 954 igitur
343 875 380 935 ad
395 872 519 954 Regem
539 893 595 954 per
612 857 759 933 Tribunos
781 879 812 933 et
834 872 964 935 comites
979 875 1049 950 itur,
1071 876 1138 955 quia

121 978 212 1037 homo
232 977 336 1056 utique
357 981 406 1036 est
425 995 490 1050 rex,
512 981 543 1036 et
564 977 662 1036 nescit
681 974 786 1054 quibus
802 974 911 1036 debeat
925 976 1137 1058 rempublicam

122 1060 257 1138 eredere.
292 1077 342 1139 An
361 1075 458 1138 Deum
470 1083 579 1140 autem
598 1077 839 1157 promerendum,
861 1095 950 1156 quem
970 1066 1072 1157 utique
1092 1079 1137 1139 ui-

121 1179 166 1239 hil
186 1179 275 1253 latet,
297 1176 492 1258 suffragatore
513 1196 572 1239 uon
594 1183 641 1238 est
662 1196 754 1257 opus,
776 1177 830 1238 sed
850 1183 951 1238 mente
972 1178 1086 1240 devota.

207 1279 291 1341 Haeo
307 1285 353 1341 est
367 1280 465 1341 brevis
478 1278 636 1340 Confessio
649 1297 704 1340 seu
721 1279 841 1341 Summa
860 1278 1021 1341 Doctrinae
1030 1279 1137 1342 Euole-
1176 1330 1180 1339 .

122 1383 234 1442 siarum
248 1386 425 1455 nostrarum,
440 1400 527 1460 quam
542 1399 580 1441 ex
596 1381 690 1441 saonis
707 1386 737 1441 et
748 1380 872 1440 aliorum
888 1379 1040 1441 doctorum
1051 1380 1136 1442 libris

123 1484 315 1562 collegimus,
335 1481 523 1562 fatemurque
550 1500 616 1544 eam
636 1482 725 1562 piam,
743 1488 774 1543 et
794 1481 895 1542 verbo
905 1481 962 1542 Dei
983 1488 1135 1543 cousenta-

122 1604 210 1646 ueam
231 1603 309 1645 esse.
354 1583 440 1660 Quod
461 1585 487 1645 si
508 1584 575 1663 quis
595 1601 636 1645 ex
663 1583 777 1665 spiritu
790 1589 822 1643 et
841 1582 932 1644 verbo
952 1581 1009 1647 Dei
1029 1584 1135 1650 melius

122 1705 178 1746 nos
210 1684 345 1759 docebit,
375 1683 485 1744 nullam
516 1684 586 1744 boni
615 1684 716 1763 piique
743 1684 870 1744 hominis
897 1683 1136 1748 informationem

123 1787 357 1866 aspernabimur,
378 1786 433 1846 sed
454 1803 520 1846 eam
540 1791 625 1865 grato
646 1786 742 1845 animo
763 1787 915 1865 accepturi
935 1805 1045 1865 sumus.
1073 1787 1137 1849 San

122 1890 235 1951 sonum
255 1889 332 1949 hano
354 1888 517 1948 doctrinam
534 1906 607 1949 esse
629 1888 749 1948 verbum
766 1888 933 1948 deirorum
948 1889 1136 1950 etinviotum

123 1997 156 2051 et
177 2007 311 2062 oramus,
343 1993 376 2047 ut
405 1989 436 2047 iu
463 2006 500 2047 eo
522 1985 659 2048 Christus
690 2005 743 2048 nos
771 1994 925 2052 conservet
946 1994 978 2049 et
998 1982 1135 2068 spiritum

123 2090 417 2169 sanctumlargiatnr‚
439 2094 473 2149 ut
488 2107 585 2149 eoram
604 2095 667 2150 toto
688 2089 796 2150 mundo
817 2074 856 2150 de
877 2091 1051 2151 testimoniis
1072 2091 1135 2153 suia
1171 2168 1174 2179 ¹
1218 2120 1221 2131 ·

70 2239 73 2246 .
122 2193 238 2272 absque
267 2189 440 2252 ooufusione
467 2190 550 2275 loqui
576 2195 615 2250 et.
628 2191 659 2249 in
680 2209 750 2252 vera
770 2189 831 2251 nne
852 2210 1053 2270 perseverare
1065 2210 1136 2273 poss

123 2295 226 2359 ιίιιιιιι.
269 2293 374 2357 Amen.
