<?xml version="1.0" encoding="UTF-8"?>
<!DOCTYPE html PUBLIC "-//W3C//DTD XHTML 1.0 Transitional//EN"
    "http://www.w3.org/TR/xhtml1/DTD/xhtml1-transitional.dtd">
<html xmlns="http://www.w3.org/1999/xhtml" xml:lang="en" lang="en">
 <head>
  <title>
</title>
<meta http-equiv="Content-Type" content="text/html;charset=utf-8" />
  <meta name='ocr-system' content='tesseract 3.04.00' />
  <meta name='ocr-capabilities' content='ocr_page ocr_carea ocr_par ocr_line ocrx_word'/>
</head>
<body>
  <div class='ocr_page' id='page_1' title='image "./historiaecclesi00munygoog_0210.png"; bbox 0 0 2544 4694; ppageno 0'>
   <div class='ocr_carea' id='block_1_1' title="bbox 75 504 1131 3227">
    <p class='ocr_par' dir='ltr' id='par_1_1' title="bbox 75 504 1131 3227">
     <span class='ocr_line' id='line_1_1' title="bbox 129 504 1129 587; baseline 0 -20"><span class='ocrx_word' id='word_1_1' title='bbox 129 504 245 579; x_wconf 70' lang='lat' dir='ltr'>duent,</span> <span class='ocrx_word' id='word_1_2' title='bbox 265 511 373 585; x_wconf 81' lang='lat' dir='ltr'>qurnta</span> <span class='ocrx_word' id='word_1_3' title='bbox 392 524 430 567; x_wconf 83' lang='lat' dir='ltr'>es</span> <span class='ocrx_word' id='word_1_4' title='bbox 449 506 625 587; x_wconf 70' lang='lat' dir='ltr'>intemperie</span> <span class='ocrx_word' id='word_1_5' title='bbox 644 508 738 569; x_wconf 85' lang='lat' dir='ltr'>baeee</span> <span class='ocrx_word' id='word_1_6' title='bbox 756 506 970 569; x_wconf 80' lang='lat' dir='ltr'>inuisitatem</span> <span class='ocrx_word' id='word_1_7' title='bbox 988 513 1024 569; x_wconf 87' lang='lat' dir='ltr'>et</span> <span class='ocrx_word' id='word_1_8' title='bbox 1041 504 1129 567; x_wconf 77' lang='lat' dir='ltr'>salum</span> 
     </span>
     <span class='ocr_line' id='line_1_2' title="bbox 129 606 1131 689; baseline 0 -20"><span class='ocrx_word' id='word_1_9' title='bbox 129 606 276 688; x_wconf 85' lang='lat' dir='ltr'>publicam</span> <span class='ocrx_word' id='word_1_10' title='bbox 295 626 372 669; x_wconf 80' lang='lat' dir='ltr'>nous</span> <span class='ocrx_word' id='word_1_11' title='bbox 391 606 619 681; x_wconf 68' lang='lat' dir='ltr'>redundaverit,</span> <span class='ocrx_word' id='word_1_12' title='bbox 640 616 841 689; x_wconf 82' lang='lat' dir='ltr'>quantumque</span> <span class='ocrx_word' id='word_1_13' title='bbox 875 608 954 669; x_wconf 86' lang='lat' dir='ltr'>flori</span> <span class='ocrx_word' id='word_1_14' title='bbox 989 608 1131 689; x_wconf 70' lang='lat' dir='ltr'>oppidum</span> 
     </span>
     <span class='ocr_line' id='line_1_3' title="bbox 129 706 1130 790; baseline 0.004 -23"><span class='ocrx_word' id='word_1_15' title='bbox 129 706 222 769; x_wconf 75' lang='lat' dir='ltr'>luerit</span> <span class='ocrx_word' id='word_1_16' title='bbox 242 710 417 771; x_wconf 68' lang='lat' dir='ltr'>demotum.</span> <span class='ocrx_word' id='word_1_17' title='bbox 451 708 509 771; x_wconf 80' lang='lat' dir='ltr'>ltu</span> <span class='ocrx_word' id='word_1_18' title='bbox 527 709 655 790; x_wconf 88' lang='lat' dir='ltr'>proinde</span> <span class='ocrx_word' id='word_1_19' title='bbox 673 710 759 771; x_wconf 86' lang='lat' dir='ltr'>malis</span> <span class='ocrx_word' id='word_1_20' title='bbox 779 730 814 771; x_wconf 89' lang='lat' dir='ltr'>se</span> <span class='ocrx_word' id='word_1_21' title='bbox 837 710 991 786; x_wconf 78' lang='lat' dir='ltr'>liberari,</span> <span class='ocrx_word' id='word_1_22' title='bbox 1014 716 1130 789; x_wconf 72' lang='lat' dir='ltr'>utque-</span> 
     </span>
     <span class='ocr_line' id='line_1_4' title="bbox 129 808 1130 891; baseline -0.002 -18"><span class='ocrx_word' id='word_1_23' title='bbox 129 826 189 873; x_wconf 83' lang='lat' dir='ltr'>uon</span> <span class='ocrx_word' id='word_1_24' title='bbox 209 810 328 889; x_wconf 80' lang='lat' dir='ltr'>quidem</span> <span class='ocrx_word' id='word_1_25' title='bbox 349 810 518 883; x_wconf 85' lang='lat' dir='ltr'>beneflciis,</span> <span class='ocrx_word' id='word_1_26' title='bbox 541 811 703 873; x_wconf 86' lang='lat' dir='ltr'>dominanti</span> <span class='ocrx_word' id='word_1_27' title='bbox 729 811 874 889; x_wconf 72' lang='lat' dir='ltr'>religioni</span> <span class='ocrx_word' id='word_1_28' title='bbox 905 810 1062 891; x_wconf 79' lang='lat' dir='ltr'>injuriam</span> <span class='ocrx_word' id='word_1_29' title='bbox 1079 808 1130 871; x_wconf 66' lang='grc' dir='ltr'><strong>Η</strong></span> 
     </span>
     <span class='ocr_line' id='line_1_5' title="bbox 130 910 1130 993; baseline 0 -20"><span class='ocrx_word' id='word_1_30' title='bbox 130 911 275 987; x_wconf 83' lang='lat' dir='ltr'>rentibus,</span> <span class='ocrx_word' id='word_1_31' title='bbox 294 912 349 972; x_wconf 89' lang='lat' dir='ltr'>sed</span> <span class='ocrx_word' id='word_1_32' title='bbox 364 912 571 975; x_wconf 88' lang='lat' dir='ltr'>-miuimum</span> <span class='ocrx_word' id='word_1_33' title='bbox 585 912 645 973; x_wconf 89' lang='lat' dir='ltr'>illis</span> <span class='ocrx_word' id='word_1_34' title='bbox 655 912 829 985; x_wconf 84' lang='lat' dir='ltr'>commodis,</span> <span class='ocrx_word' id='word_1_35' title='bbox 849 912 974 991; x_wconf 82' lang='lat' dir='ltr'>quibus</span> <span class='ocrx_word' id='word_1_36' title='bbox 994 910 1130 993; x_wconf 68' lang='lat' dir='ltr'>uvmpffl</span> 
     </span>
     <span class='ocr_line' id='line_1_6' title="bbox 130 1011 1129 1093; baseline 0.004 -22"><span class='ocrx_word' id='word_1_37' title='bbox 130 1011 163 1080; x_wconf 84' lang='lat' dir='ltr'>iu</span> <span class='ocrx_word' id='word_1_38' title='bbox 190 1011 312 1073; x_wconf 84' lang='lat' dir='ltr'>Polouis</span> <span class='ocrx_word' id='word_1_39' title='bbox 339 1012 512 1073; x_wconf 83' lang='lat' dir='ltr'>fruerentur</span> <span class='ocrx_word' id='word_1_40' title='bbox 541 1014 660 1089; x_wconf 84' lang='lat' dir='ltr'>ornari,</span> <span class='ocrx_word' id='word_1_41' title='bbox 693 1013 823 1093; x_wconf 83' lang='lat' dir='ltr'>jureque</span> <span class='ocrx_word' id='word_1_42' title='bbox 862 1032 1038 1075; x_wconf 84' lang='lat' dir='ltr'>sacrorum</span> <span class='ocrx_word' id='word_1_43' title='bbox 1069 1014 1129 1075; x_wconf 80' lang='lat' dir='ltr'>libes</span> 
     </span>
     <span class='ocr_line' id='line_1_7' title="bbox 133 1113 676 1195; baseline 0.002 -20"><span class='ocrx_word' id='word_1_44' title='bbox 133 1114 376 1188; x_wconf 84' lang='lat' dir='ltr'>exercendorum,</span> <span class='ocrx_word' id='word_1_45' title='bbox 397 1113 480 1175; x_wconf 83' lang='lat' dir='ltr'>beari</span> <span class='ocrx_word' id='word_1_46' title='bbox 502 1114 676 1195; x_wconf 83' lang='lat' dir='ltr'>supplicant.</span> 
     </span>
     <span class='ocr_line' id='line_1_8' title="bbox 84 1207 1128 1295; baseline 0.002 -20"><span class='ocrx_word' id='word_1_47' title='bbox 84 1207 88 1215; x_wconf 76' lang='grc'><strong>’</strong></span> <span class='ocrx_word' id='word_1_48' title='bbox 215 1212 362 1275; x_wconf 82' lang='lat' dir='ltr'>Liberalis</span> <span class='ocrx_word' id='word_1_49' title='bbox 389 1214 483 1275; x_wconf 88' lang='lat' dir='ltr'>Briibl</span> <span class='ocrx_word' id='word_1_50' title='bbox 511 1215 589 1275; x_wconf 88' lang='lat' dir='ltr'>uitro</span> <span class='ocrx_word' id='word_1_51' title='bbox 616 1215 769 1295; x_wconf 89' lang='lat' dir='ltr'>promisit,</span> <span class='ocrx_word' id='word_1_52' title='bbox 802 1234 837 1276; x_wconf 90' lang='lat' dir='ltr'>se</span> <span class='ocrx_word' id='word_1_53' title='bbox 867 1215 1072 1279; x_wconf 80' lang='lat' dir='ltr'>addictorum</span> <span class='ocrx_word' id='word_1_54' title='bbox 1091 1232 1128 1277; x_wconf 73' lang='grc' dir='ltr'>ιε</span> 
     </span>
     <span class='ocr_line' id='line_1_9' title="bbox 133 1311 1128 1400; baseline 0.003 -23"><span class='ocrx_word' id='word_1_55' title='bbox 133 1334 193 1391; x_wconf 80' lang='grc' dir='ltr'>ιιι,</span> <span class='ocrx_word' id='word_1_56' title='bbox 221 1334 276 1395; x_wconf 90' lang='lat' dir='ltr'>per</span> <span class='ocrx_word' id='word_1_57' title='bbox 298 1316 491 1393; x_wconf 69' lang='lat' dir='ltr'>quaesitores</span> <span class='ocrx_word' id='word_1_58' title='bbox 519 1311 773 1400; x_wconf 75' lang='lat' dir='ltr'>(commissarios)</span> <span class='ocrx_word' id='word_1_59' title='bbox 803 1316 842 1376; x_wconf 91' lang='lat' dir='ltr'>ad</span> <span class='ocrx_word' id='word_1_60' title='bbox 873 1316 1069 1398; x_wconf 90' lang='lat' dir='ltr'>Scepusium</span> <span class='ocrx_word' id='word_1_61' title='bbox 1092 1316 1128 1379; x_wconf 63' lang='grc' dir='ltr'>ἢ</span> 
     </span>
     <span class='ocr_line' id='line_1_10' title="bbox 132 1417 1128 1498; baseline 0 -19"><span class='ocrx_word' id='word_1_62' title='bbox 132 1417 240 1479; x_wconf 88' lang='lat' dir='ltr'>teudos</span> <span class='ocrx_word' id='word_1_63' title='bbox 271 1418 474 1497; x_wconf 63' lang='lat' dir='ltr'>coustitutum,</span> <span class='ocrx_word' id='word_1_64' title='bbox 503 1424 592 1498; x_wconf 81' lang='lat' dir='ltr'>atque</span> <span class='ocrx_word' id='word_1_65' title='bbox 618 1438 722 1479; x_wconf 89' lang='lat' dir='ltr'>eurum</span> <span class='ocrx_word' id='word_1_66' title='bbox 752 1418 961 1481; x_wconf 74' lang='lat' dir='ltr'>incommodIs</span> <span class='ocrx_word' id='word_1_67' title='bbox 992 1418 1128 1487; x_wconf 76' lang='lat' dir='ltr'>meduit</span> 
     </span>
     <span class='ocr_line' id='line_1_11' title="bbox 133 1519 1128 1600; baseline 0.005 -21"><span class='ocrx_word' id='word_1_68' title='bbox 133 1519 362 1581; x_wconf 78' lang='lat' dir='ltr'>necessitatibus</span> <span class='ocrx_word' id='word_1_69' title='bbox 384 1519 541 1579; x_wconf 85' lang='lat' dir='ltr'>subvenire</span> <span class='ocrx_word' id='word_1_70' title='bbox 560 1528 795 1600; x_wconf 79' lang='lat' dir='ltr'>properaturum.</span> <span class='ocrx_word' id='word_1_71' title='bbox 847 1520 1053 1583; x_wconf 77' lang='lat' dir='ltr'>Promissum</span> <span class='ocrx_word' id='word_1_72' title='bbox 1063 1520 1128 1589; x_wconf 65' lang='grc' dir='ltr'><strong><em>Μ</em></strong></span> 
     </span>
     <span class='ocr_line' id='line_1_12' title="bbox 134 1618 1127 1701; baseline 0.001 -20"><span class='ocrx_word' id='word_1_73' title='bbox 134 1619 338 1701; x_wconf 83' lang='lat' dir='ltr'>persoluturus</span> <span class='ocrx_word' id='word_1_74' title='bbox 360 1618 478 1695; x_wconf 80' lang='lat' dir='ltr'>Cornea,</span> <span class='ocrx_word' id='word_1_75' title='bbox 502 1619 646 1681; x_wconf 75' lang='lat' dir='ltr'>(lomitem</span> <span class='ocrx_word' id='word_1_76' title='bbox 669 1620 842 1681; x_wconf 76' lang='lat' dir='ltr'>Gabrielem</span> <span class='ocrx_word' id='word_1_77' title='bbox 858 1620 993 1683; x_wconf 75' lang='grc' dir='ltr'>Ιιιηιια</span> <span class='ocrx_word' id='word_1_78' title='bbox 1121 1620 1127 1635; x_wconf 82' lang='grc'>’</span> 
     </span>
     <span class='ocr_line' id='line_1_13' title="bbox 134 1722 1107 1801; baseline 0.004 -18"><span class='ocrx_word' id='word_1_79' title='bbox 134 1740 235 1783; x_wconf 85' lang='lat' dir='ltr'>reruru</span> <span class='ocrx_word' id='word_1_80' title='bbox 265 1722 461 1801; x_wconf 78' lang='lat' dir='ltr'>gerundarum</span> <span class='ocrx_word' id='word_1_81' title='bbox 487 1722 662 1783; x_wconf 85' lang='lat' dir='ltr'>auctoritate</span> <span class='ocrx_word' id='word_1_82' title='bbox 688 1722 881 1797; x_wconf 86' lang='lat' dir='ltr'>instructum,</span> <span class='ocrx_word' id='word_1_83' title='bbox 909 1724 955 1784; x_wconf 80' lang='lat' dir='ltr'>ad</span> <span class='ocrx_word' id='word_1_84' title='bbox 986 1723 1033 1787; x_wconf 84' lang='lat' dir='ltr'>Su</span> <span class='ocrx_word' id='word_1_85' title='bbox 1100 1724 1107 1741; x_wconf 83' lang='lat'>&#39;</span> 
     </span>
     <span class='ocr_line' id='line_1_14' title="bbox 135 1821 1061 1905; baseline 0.004 -22"><span class='ocrx_word' id='word_1_86' title='bbox 135 1822 310 1883; x_wconf 78' lang='lat' dir='ltr'>emundarit.</span> <span class='ocrx_word' id='word_1_87' title='bbox 361 1821 440 1883; x_wconf 86' lang='lat' dir='ltr'>Huic</span> <span class='ocrx_word' id='word_1_88' title='bbox 460 1822 629 1901; x_wconf 80' lang='lat' dir='ltr'>Cognitcri,</span> <span class='ocrx_word' id='word_1_89' title='bbox 660 1822 1008 1905; x_wconf 77' lang='lat' dir='ltr'>&#39;l&#39;redeeirmOppiduni</span> <span class='ocrx_word' id='word_1_90' title='bbox 1029 1826 1061 1887; x_wconf 79' lang='lat' dir='ltr'>lu</span> 
     </span>
     <span class='ocr_line' id='line_1_15' title="bbox 136 1921 920 2003; baseline 0.004 -21"><span class='ocrx_word' id='word_1_91' title='bbox 136 1921 188 1983; x_wconf 89' lang='lat' dir='ltr'>liei</span> <span class='ocrx_word' id='word_1_92' title='bbox 213 1922 334 1985; x_wconf 88' lang='lat' dir='ltr'>ineunte</span> <span class='ocrx_word' id='word_1_93' title='bbox 366 1940 443 1983; x_wconf 87' lang='lat' dir='ltr'>anno</span> <span class='ocrx_word' id='word_1_94' title='bbox 471 1922 556 1984; x_wconf 71' lang='lat'>1758</span> <span class='ocrx_word' id='word_1_95' title='bbox 582 1923 716 1983; x_wconf 87' lang='lat' dir='ltr'>libellum</span> <span class='ocrx_word' id='word_1_96' title='bbox 749 1923 920 2003; x_wconf 72' lang='lat' dir='ltr'>supplicem</span> 
     </span>
     <span class='ocr_line' id='line_1_16' title="bbox 137 2024 1086 2104; baseline 0.003 -21"><span class='ocrx_word' id='word_1_97' title='bbox 137 2024 335 2102; x_wconf 83' lang='lat' dir='ltr'>querimonias</span> <span class='ocrx_word' id='word_1_98' title='bbox 354 2043 520 2104; x_wconf 78' lang='lat' dir='ltr'>precesque</span> <span class='ocrx_word' id='word_1_99' title='bbox 542 2026 749 2085; x_wconf 82' lang='lat' dir='ltr'>coutinentem.</span> <span class='ocrx_word' id='word_1_100' title='bbox 793 2024 1086 2101; x_wconf 64' lang='lat' dir='ltr'>querimoniarum·</span> 
     </span>
     <span class='ocr_line' id='line_1_17' title="bbox 136 2124 1118 2204; baseline 0.006 -19"><span class='ocrx_word' id='word_1_101' title='bbox 136 2124 197 2186; x_wconf 82' lang='lat' dir='ltr'>init</span> <span class='ocrx_word' id='word_1_102' title='bbox 215 2125 300 2185; x_wconf 88' lang='lat' dir='ltr'>ratio.</span> <span class='ocrx_word' id='word_1_103' title='bbox 363 2124 496 2200; x_wconf 77' lang='lat' dir='ltr'>Parvuli,</span> <span class='ocrx_word' id='word_1_104' title='bbox 519 2126 624 2204; x_wconf 82' lang='lat' dir='ltr'>quibus</span> <span class='ocrx_word' id='word_1_105' title='bbox 654 2132 724 2187; x_wconf 90' lang='lat' dir='ltr'>aute</span> <span class='ocrx_word' id='word_1_106' title='bbox 749 2125 877 2187; x_wconf 89' lang='lat' dir='ltr'>bberum</span> <span class='ocrx_word' id='word_1_107' title='bbox 909 2133 984 2191; x_wconf 84' lang='lat' dir='ltr'>erat</span> <span class='ocrx_word' id='word_1_108' title='bbox 1113 2128 1118 2143; x_wconf 93' lang='lat'>&#39;</span> 
     </span>
     <span class='ocr_line' id='line_1_18' title="bbox 75 2224 1082 2307; baseline 0.004 -19"><span class='ocrx_word' id='word_1_109' title='bbox 75 2296 81 2303; x_wconf 46' lang='grc'>,</span> <span class='ocrx_word' id='word_1_110' title='bbox 138 2245 203 2293; x_wconf 81' lang='lat' dir='ltr'>suos</span> <span class='ocrx_word' id='word_1_111' title='bbox 223 2224 349 2287; x_wconf 90' lang='lat' dir='ltr'>Lutberi</span> <span class='ocrx_word' id='word_1_112' title='bbox 378 2224 510 2305; x_wconf 87' lang='lat' dir='ltr'>aliosque</span> <span class='ocrx_word' id='word_1_113' title='bbox 534 2225 627 2289; x_wconf 89' lang='lat' dir='ltr'>libros</span> <span class='ocrx_word' id='word_1_114' title='bbox 655 2226 851 2307; x_wconf 74' lang='lat' dir='ltr'>Evangelicos</span> <span class='ocrx_word' id='word_1_115' title='bbox 879 2226 914 2289; x_wconf 92' lang='lat' dir='ltr'>iu</span> <span class='ocrx_word' id='word_1_116' title='bbox 946 2228 1082 2304; x_wconf 76' lang='lat' dir='ltr'>Sebolss</span> 
     </span>
     <span class='ocr_line' id='line_1_19' title="bbox 138 2326 1090 2406; baseline 0.005 -17"><span class='ocrx_word' id='word_1_117' title='bbox 138 2327 274 2402; x_wconf 77' lang='lat' dir='ltr'>idioticae,</span> <span class='ocrx_word' id='word_1_118' title='bbox 295 2327 326 2387; x_wconf 94' lang='lat' dir='ltr'>in</span> <span class='ocrx_word' id='word_1_119' title='bbox 347 2328 453 2406; x_wconf 82' lang='lat' dir='ltr'>quibus</span> <span class='ocrx_word' id='word_1_120' title='bbox 474 2326 702 2402; x_wconf 75' lang='lat' dir='ltr'>erudiebantur,</span> <span class='ocrx_word' id='word_1_121' title='bbox 724 2327 862 2403; x_wconf 79' lang='lat' dir='ltr'>adferre&#39;,</span> <span class='ocrx_word' id='word_1_122' title='bbox 882 2346 1002 2393; x_wconf 85' lang='lat' dir='ltr'>eorum</span> <span class='ocrx_word' id='word_1_123' title='bbox 1023 2350 1090 2400; x_wconf 73' lang='lat' dir='ltr'>suu,</span> 
     </span>
     <span class='ocr_line' id='line_1_20' title="bbox 138 2426 1043 2509; baseline 0.007 -20"><span class='ocrx_word' id='word_1_124' title='bbox 138 2428 240 2505; x_wconf 84' lang='lat' dir='ltr'>bibiti,</span> <span class='ocrx_word' id='word_1_125' title='bbox 265 2428 409 2509; x_wconf 86' lang='lat' dir='ltr'>jubentur</span> <span class='ocrx_word' id='word_1_126' title='bbox 431 2426 648 2489; x_wconf 80' lang='lat' dir='ltr'>Caicebismum</span> <span class='ocrx_word' id='word_1_127' title='bbox 670 2427 859 2491; x_wconf 80' lang='lat' dir='ltr'>Catholieum</span> <span class='ocrx_word' id='word_1_128' title='bbox 879 2428 1043 2509; x_wconf 81' lang='lat' dir='ltr'>discere,</span> 
     </span>
     <span class='ocr_line' id='line_1_21' title="bbox 140 2524 1081 2615; baseline 0.001 -24"><span class='ocrx_word' id='word_1_129' title='bbox 140 2528 309 2597; x_wconf 82' lang='lat' dir='ltr'>Gstlrolicas</span> <span class='ocrx_word' id='word_1_130' title='bbox 330 2530 461 2591; x_wconf 86' lang='lat' dir='ltr'>recitare</span> <span class='ocrx_word' id='word_1_131' title='bbox 481 2536 513 2591; x_wconf 87' lang='lat' dir='ltr'>et</span> <span class='ocrx_word' id='word_1_132' title='bbox 533 2530 734 2605; x_wconf 83' lang='lat' dir='ltr'>caerimonias,</span> <span class='ocrx_word' id='word_1_133' title='bbox 758 2524 852 2592; x_wconf 80' lang='lat' dir='ltr'>sacris</span> <span class='ocrx_word' id='word_1_134' title='bbox 872 2529 1081 2615; x_wconf 74' lang='lat' dir='ltr'>Evengatiois</span> 
     </span>
     <span class='ocr_line' id='line_1_22' title="bbox 139 2629 1072 2714; baseline 0.001 -23"><span class='ocrx_word' id='word_1_135' title='bbox 139 2632 256 2707; x_wconf 67' lang='lat' dir='ltr'>parias,</span> <span class='ocrx_word' id='word_1_136' title='bbox 284 2632 452 2693; x_wconf 81' lang='lat' dir='ltr'>obseruare.</span> <span class='ocrx_word' id='word_1_137' title='bbox 493 2630 621 2693; x_wconf 85' lang='lat' dir='ltr'>Sebolac</span> <span class='ocrx_word' id='word_1_138' title='bbox 646 2636 724 2692; x_wconf 78' lang='lat' dir='ltr'>anuo</span> <span class='ocrx_word' id='word_1_139' title='bbox 750 2629 834 2699; x_wconf 66' lang='lat'>1753</span> <span class='ocrx_word' id='word_1_140' title='bbox 864 2631 1072 2714; x_wconf 59' lang='lat' dir='ltr'>Euangeliou</span> 
     </span>
     <span class='ocr_line' id='line_1_23' title="bbox 139 2732 990 2813; baseline 0.006 -20"><span class='ocrx_word' id='word_1_141' title='bbox 139 2733 269 2808; x_wconf 83' lang='lat' dir='ltr'>missae,</span> <span class='ocrx_word' id='word_1_142' title='bbox 301 2752 356 2813; x_wconf 89' lang='lat' dir='ltr'>per</span> <span class='ocrx_word' id='word_1_143' title='bbox 385 2732 657 2795; x_wconf 85' lang='lat' dir='ltr'>Administratorem</span> <span class='ocrx_word' id='word_1_144' title='bbox 683 2732 893 2795; x_wconf 79' lang='lat' dir='ltr'>Mosscsenski</span> <span class='ocrx_word' id='word_1_145' title='bbox 924 2742 990 2806; x_wconf 90' lang='lat' dir='ltr'>et</span> 
     </span>
     <span class='ocr_line' id='line_1_24' title="bbox 142 2796 1083 2919; baseline 0.006 -24"><span class='ocrx_word' id='word_1_146' title='bbox 142 2834 393 2909; x_wconf 81' lang='lat' dir='ltr'>Commissarium,</span> <span class='ocrx_word' id='word_1_147' title='bbox 414 2852 527 2895; x_wconf 87' lang='lat' dir='ltr'>summo</span> <span class='ocrx_word' id='word_1_148' title='bbox 549 2853 614 2895; x_wconf 90' lang='lat' dir='ltr'>cum</span> <span class='ocrx_word' id='word_1_149' title='bbox 630 2835 795 2915; x_wconf 82' lang='lat' dir='ltr'>juveututis</span> <span class='ocrx_word' id='word_1_150' title='bbox 822 2796 1034 2919; x_wconf 80' lang='lat' dir='ltr'>detrimento,</span> <span class='ocrx_word' id='word_1_151' title='bbox 1052 2848 1083 2905; x_wconf 82' lang='lat' dir='ltr'>et</span> 
     </span>
     <span class='ocr_line' id='line_1_25' title="bbox 142 2916 1131 3016; baseline 0.004 -21"><span class='ocrx_word' id='word_1_152' title='bbox 142 2944 241 3012; x_wconf 90' lang='lat' dir='ltr'>tuum,</span> <span class='ocrx_word' id='word_1_153' title='bbox 271 2937 321 3016; x_wconf 90' lang='lat' dir='ltr'>qui</span> <span class='ocrx_word' id='word_1_154' title='bbox 341 2916 426 2997; x_wconf 85' lang='lat' dir='ltr'>ludus</span> <span class='ocrx_word' id='word_1_155' title='bbox 445 2955 551 3016; x_wconf 76' lang='lat' dir='ltr'>magno</span> <span class='ocrx_word' id='word_1_156' title='bbox 570 2943 670 2997; x_wconf 89' lang='lat' dir='ltr'>sumtu</span> <span class='ocrx_word' id='word_1_157' title='bbox 690 2937 916 3012; x_wconf 82' lang='lat' dir='ltr'>instruxerunt,</span> <span class='ocrx_word' id='word_1_158' title='bbox 937 2938 1131 3007; x_wconf 62' lang='lat' dir='ltr'>manliani</span> 
     </span>
     <span class='ocr_line' id='line_1_26' title="bbox 138 3035 1029 3117; baseline 0.007 -18"><span class='ocrx_word' id='word_1_159' title='bbox 138 3037 221 3117; x_wconf 82' lang='lat' dir='ltr'>juria</span> <span class='ocrx_word' id='word_1_160' title='bbox 251 3042 320 3097; x_wconf 88' lang='lat' dir='ltr'>suut</span> <span class='ocrx_word' id='word_1_161' title='bbox 338 3036 480 3098; x_wconf 86' lang='lat' dir='ltr'>sublatae.</span> <span class='ocrx_word' id='word_1_162' title='bbox 539 3035 673 3116; x_wconf 84' lang='lat' dir='ltr'>Sponsus</span> <span class='ocrx_word' id='word_1_163' title='bbox 705 3056 872 3117; x_wconf 83' lang='lat' dir='ltr'>sponsoque</span> <span class='ocrx_word' id='word_1_164' title='bbox 904 3040 943 3101; x_wconf 92' lang='lat' dir='ltr'>iu·</span> <span class='ocrx_word' id='word_1_165' title='bbox 971 3062 1029 3105; x_wconf 88' lang='lat' dir='ltr'>ma</span> 
     </span>
     <span class='ocr_line' id='line_1_27' title="bbox 142 3134 1131 3227; baseline 0.009 -28"><span class='ocrx_word' id='word_1_166' title='bbox 142 3139 241 3201; x_wconf 83' lang='lat' dir='ltr'>mixtis</span> <span class='ocrx_word' id='word_1_167' title='bbox 262 3140 343 3213; x_wconf 91' lang='lat' dir='ltr'>uati,</span> <span class='ocrx_word' id='word_1_168' title='bbox 364 3138 443 3199; x_wconf 87' lang='lat' dir='ltr'>aut&#39;</span> <span class='ocrx_word' id='word_1_169' title='bbox 433 3138 492 3217; x_wconf 82' lang='lat' dir='ltr'>ipsi</span> <span class='ocrx_word' id='word_1_170' title='bbox 513 3134 659 3198; x_wconf 75' lang='lat' dir='ltr'>disemum</span> <span class='ocrx_word' id='word_1_171' title='bbox 678 3138 828 3219; x_wconf 78' lang='lat' dir='ltr'>religionis</span> <span class='ocrx_word' id='word_1_172' title='bbox 849 3136 1025 3207; x_wconf 76' lang='lat' dir='ltr'>formum</span> <span class='ocrx_word' id='word_1_173' title='bbox 1044 3144 1131 3227; x_wconf 67' lang='lat' dir='ltr'>proh</span> 
     </span>
    </p>
   </div>
   <div class='ocr_carea' id='block_1_2' title="bbox 143 3239 1131 3327">
    <p class='ocr_par' dir='ltr' id='par_1_2' title="bbox 143 3239 1131 3327">
     <span class='ocr_line' id='line_1_28' title="bbox 143 3239 1131 3327; baseline 0.009 -29"><span class='ocrx_word' id='word_1_174' title='bbox 143 3241 251 3316; x_wconf 63' lang='lat' dir='ltr'>tes-in</span> <span class='ocrx_word' id='word_1_175' title='bbox 271 3240 412 3321; x_wconf 73' lang='lat' dir='ltr'>conjuges</span> <span class='ocrx_word' id='word_1_176' title='bbox 433 3257 492 3299; x_wconf 93' lang='lat' dir='ltr'>uon</span> <span class='ocrx_word' id='word_1_177' title='bbox 511 3239 723 3317; x_wconf 76' lang='lat' dir='ltr'>inaugurantur</span> <span class='ocrx_word' id='word_1_178' title='bbox 749 3240 1131 3327; x_wconf 63' lang='lat' dir='ltr'>uisipersoqumprb</span> 
     </span>
    </p>
   </div>
   <div class='ocr_carea' id='block_1_3' title="bbox 141 3336 1135 4038">
    <p class='ocr_par' dir='ltr' id='par_1_3' title="bbox 141 3336 1135 4038">
     <span class='ocr_line' id='line_1_29' title="bbox 143 3336 1131 3430; baseline 0.005 -27"><span class='ocrx_word' id='word_1_179' title='bbox 143 3361 229 3403; x_wconf 89' lang='lat' dir='ltr'>saera</span> <span class='ocrx_word' id='word_1_180' title='bbox 249 3358 397 3421; x_wconf 86' lang='lat' dir='ltr'>sequeus,</span> <span class='ocrx_word' id='word_1_181' title='bbox 427 3340 497 3401; x_wconf 87' lang='lat' dir='ltr'>ritui</span> <span class='ocrx_word' id='word_1_182' title='bbox 518 3336 652 3401; x_wconf 88' lang='lat' dir='ltr'>Romano</span> <span class='ocrx_word' id='word_1_183' title='bbox 683 3358 792 3405; x_wconf 88' lang='lat' dir='ltr'>nomeu</span> <span class='ocrx_word' id='word_1_184' title='bbox 811 3340 881 3417; x_wconf 84' lang='lat' dir='ltr'>det,</span> <span class='ocrx_word' id='word_1_185' title='bbox 912 3363 1000 3423; x_wconf 83' lang='lat' dir='ltr'>quae</span> <span class='ocrx_word' id='word_1_186' title='bbox 1023 3346 1131 3430; x_wconf 63' lang='lat' dir='ltr'>aspdn</span> 
     </span>
     <span class='ocr_line' id='line_1_30' title="bbox 142 3440 1132 3523; baseline 0.004 -18"><span class='ocrx_word' id='word_1_187' title='bbox 142 3462 213 3505; x_wconf 80' lang='lat' dir='ltr'>mox</span> <span class='ocrx_word' id='word_1_188' title='bbox 234 3443 356 3504; x_wconf 78' lang='lat' dir='ltr'>illiciter.</span> <span class='ocrx_word' id='word_1_189' title='bbox 376 3440 581 3513; x_wconf 88' lang='lat' dir='ltr'>consuetudini</span> <span class='ocrx_word' id='word_1_190' title='bbox 601 3441 826 3522; x_wconf 83' lang='lat' dir='ltr'>abjiciendoqne</span> <span class='ocrx_word' id='word_1_191' title='bbox 846 3442 983 3523; x_wconf 89' lang='lat' dir='ltr'>pudori,</span> <span class='ocrx_word' id='word_1_192' title='bbox 1012 3442 1132 3515; x_wconf 75' lang='lat' dir='ltr'>-mou&#39;</span> 
     </span>
     <span class='ocr_line' id='line_1_31' title="bbox 143 3542 1133 3633; baseline 0.008 -26"><span class='ocrx_word' id='word_1_193' title='bbox 143 3543 271 3623; x_wconf 69' lang='grc' dir='ltr'>ςιιιίοιὶ</span> <span class='ocrx_word' id='word_1_194' title='bbox 289 3543 328 3603; x_wconf 86' lang='lat' dir='ltr'>ad</span> <span class='ocrx_word' id='word_1_195' title='bbox 349 3542 552 3620; x_wconf 81' lang='lat' dir='ltr'>tutiora-loca,</span> <span class='ocrx_word' id='word_1_196' title='bbox 573 3564 633 3625; x_wconf 83' lang='lat' dir='ltr'>qus</span> <span class='ocrx_word' id='word_1_197' title='bbox 651 3562 789 3605; x_wconf 88' lang='lat' dir='ltr'>numerus</span> <span class='ocrx_word' id='word_1_198' title='bbox 810 3544 970 3609; x_wconf 85' lang='lat' dir='ltr'>homiuum</span> <span class='ocrx_word' id='word_1_199' title='bbox 982 3548 1133 3633; x_wconf 69' lang='lat' dir='ltr'>reiputtiu</span> 
     </span>
     <span class='ocr_line' id='line_1_32' title="bbox 141 3642 1133 3729; baseline 0.002 -24"><span class='ocrx_word' id='word_1_200' title='bbox 141 3643 275 3719; x_wconf 86' lang='lat' dir='ltr'>utilium,</span> <span class='ocrx_word' id='word_1_201' title='bbox 295 3642 442 3725; x_wconf 76' lang='lat' dir='ltr'>variisque</span> <span class='ocrx_word' id='word_1_202' title='bbox 462 3644 573 3705; x_wconf 86' lang='lat' dir='ltr'>artibus</span> <span class='ocrx_word' id='word_1_203' title='bbox 594 3645 823 3705; x_wconf 84' lang='lat' dir='ltr'>exercitutorum</span> <span class='ocrx_word' id='word_1_204' title='bbox 842 3645 999 3713; x_wconf 81' lang='lat' dir='ltr'>minuitur</span> <span class='ocrx_word' id='word_1_205' title='bbox 1002 3648 1133 3729; x_wconf 50' lang='lat' dir='ltr'>pond</span> 
     </span>
     <span class='ocr_line' id='line_1_33' title="bbox 145 3742 1134 3837; baseline 0.002 -31"><span class='ocrx_word' id='word_1_206' title='bbox 145 3763 221 3825; x_wconf 50' lang='lat' dir='ltr'>nem,</span> <span class='ocrx_word' id='word_1_207' title='bbox 232 3744 367 3826; x_wconf 87' lang='lat' dir='ltr'>praebet.</span> <span class='ocrx_word' id='word_1_208' title='bbox 409 3742 532 3810; x_wconf 85' lang='lat' dir='ltr'>Plebaui</span> <span class='ocrx_word' id='word_1_209' title='bbox 550 3746 583 3807; x_wconf 91' lang='lat' dir='ltr'>iu</span> <span class='ocrx_word' id='word_1_210' title='bbox 599 3746 743 3825; x_wconf 79' lang='lat' dir='ltr'>exigenda</span> <span class='ocrx_word' id='word_1_211' title='bbox 758 3765 826 3814; x_wconf 86' lang='lat' dir='ltr'>oum</span> <span class='ocrx_word' id='word_1_212' title='bbox 837 3749 978 3828; x_wconf 81' lang='lat' dir='ltr'>omuino,</span> <span class='ocrx_word' id='word_1_213' title='bbox 1001 3760 1067 3837; x_wconf 69' lang='lat' dir='ltr'>rm</span> <span class='ocrx_word' id='word_1_214' title='bbox 1078 3764 1134 3835; x_wconf 70' lang='lat' dir='ltr'>pst·</span> 
     </span>
     <span class='ocr_line' id='line_1_34' title="bbox 145 3844 1135 3937; baseline 0.002 -29"><span class='ocrx_word' id='word_1_215' title='bbox 145 3848 234 3927; x_wconf 90' lang='lat' dir='ltr'>cipue</span> <span class='ocrx_word' id='word_1_216' title='bbox 261 3868 280 3907; x_wconf 92' lang='grc' dir='ltr'>ι</span> <span class='ocrx_word' id='word_1_217' title='bbox 307 3847 473 3927; x_wconf 75' lang='lat' dir='ltr'>peregrinis</span> <span class='ocrx_word' id='word_1_218' title='bbox 501 3844 601 3924; x_wconf 84' lang='lat' dir='ltr'>Stcla,</span> <span class='ocrx_word' id='word_1_219' title='bbox 630 3847 748 3920; x_wconf 87' lang='lat' dir='ltr'>modum</span> <span class='ocrx_word' id='word_1_220' title='bbox 779 3849 939 3919; x_wconf 68' lang='lat' dir='ltr'>excedunt.</span> <span class='ocrx_word' id='word_1_221' title='bbox 996 3844 1135 3937; x_wconf 66' lang='lat' dir='ltr'>Emprb&#39;</span> 
     </span>
     <span class='ocr_line' id='line_1_35' title="bbox 145 3946 1134 4038; baseline 0.007 -28"><span class='ocrx_word' id='word_1_222' title='bbox 145 3948 341 4029; x_wconf 61' lang='lat' dir='ltr'>promentur</span> <span class='ocrx_word' id='word_1_223' title='bbox 358 3946 467 4023; x_wconf 78' lang='lat' dir='ltr'>iuuere</span> <span class='ocrx_word' id='word_1_224' title='bbox 485 3948 641 4031; x_wconf 80' lang='lat' dir='ltr'>imponere</span> <span class='ocrx_word' id='word_1_225' title='bbox 660 3949 808 4031; x_wconf 87' lang='lat' dir='ltr'>sepulcris</span> <span class='ocrx_word' id='word_1_226' title='bbox 828 3946 983 4038; x_wconf 72' lang='lat' dir='ltr'>(cryptis)</span> <span class='ocrx_word' id='word_1_227' title='bbox 995 3960 1060 4033; x_wconf 52' lang='lat' dir='ltr'>,tin</span> <span class='ocrx_word' id='word_1_228' title='bbox 1077 3954 1134 4017; x_wconf 69' lang='lat' dir='ltr'>&#39;iu</span> 
     </span>
    </p>
   </div>
   <div class='ocr_carea' id='block_1_4' title="bbox 0 0 1292 4694">
    <p class='ocr_par' dir='ltr' id='par_1_4' title="bbox 0 0 1292 4694">
     <span class='ocr_line' id='line_1_36' title="bbox 0 0 1292 4694; baseline 0 0"><span class='ocrx_word' id='word_1_229' title='bbox 0 0 1292 4694; x_wconf 95' lang='lat' dir='ltr'> </span> 
     </span>
    </p>
   </div>
  </div>
 </body>
</html>
