<?xml version="1.0" encoding="UTF-8"?>
<!DOCTYPE html PUBLIC "-//W3C//DTD XHTML 1.0 Transitional//EN"
    "http://www.w3.org/TR/xhtml1/DTD/xhtml1-transitional.dtd">
<html xmlns="http://www.w3.org/1999/xhtml" xml:lang="en" lang="en">
 <head>
  <title>
</title>
<meta http-equiv="Content-Type" content="text/html;charset=utf-8" />
  <meta name='ocr-system' content='tesseract 3.04.00' />
  <meta name='ocr-capabilities' content='ocr_page ocr_carea ocr_par ocr_line ocrx_word'/>
</head>
<body>
  <div class='ocr_page' id='page_1' title='image "./historiaecclesi00munygoog_0227.png"; bbox 0 0 2544 4694; ppageno 0'>
   <div class='ocr_carea' id='block_1_1' title="bbox 437 320 740 475">
    <p class='ocr_par' dir='ltr' id='par_1_1' title="bbox 437 320 740 475">
     <span class='ocr_line' id='line_1_1' title="bbox 437 320 740 475; baseline 0.003 -1"><span class='ocrx_word' id='word_1_1' title='bbox 437 320 740 475; x_wconf 57' lang='grc' dir='ltr'><strong>’Δι-</strong></span> 
     </span>
    </p>
   </div>
   <div class='ocr_carea' id='block_1_2' title="bbox 91 542 1228 828">
    <p class='ocr_par' dir='ltr' id='par_1_2' title="bbox 91 542 1228 828">
     <span class='ocr_line' id='line_1_2' title="bbox 129 542 1228 629; baseline 0.006 -23"><span class='ocrx_word' id='word_1_2' title='bbox 129 546 229 607; x_wconf 83' lang='lat' dir='ltr'><strong>fuerat</strong></span> <span class='ocrx_word' id='word_1_3' title='bbox 249 563 398 626; x_wconf 55' lang='lat' dir='ltr'><strong>messus.</strong></span> <span class='ocrx_word' id='word_1_4' title='bbox 438 544 531 607; x_wconf 85' lang='lat' dir='ltr'><strong>Addit</strong></span> <span class='ocrx_word' id='word_1_5' title='bbox 550 547 777 629; x_wconf 84' lang='lat' dir='ltr'><strong>insuper,·ipaa</strong></span> <span class='ocrx_word' id='word_1_6' title='bbox 795 545 915 622; x_wconf 87' lang='lat' dir='ltr'><strong>borrea,</strong></span> <span class='ocrx_word' id='word_1_7' title='bbox 937 549 1044 628; x_wconf 85' lang='lat' dir='ltr'><strong>quibus</strong></span> <span class='ocrx_word' id='word_1_8' title='bbox 1058 542 1144 612; x_wconf 73' lang='lat' dir='ltr'><strong>&#39;Con</strong></span> <span class='ocrx_word' id='word_1_9' title='bbox 1225 622 1228 627; x_wconf 49' lang='grc'>,</span> 
     </span>
     <span class='ocr_line' id='line_1_3' title="bbox 129 646 1145 730; baseline 0.005 -21"><span class='ocrx_word' id='word_1_10' title='bbox 129 649 279 709; x_wconf 85' lang='lat' dir='ltr'><strong>oiotorinm</strong></span> <span class='ocrx_word' id='word_1_11' title='bbox 299 646 413 707; x_wconf 79' lang='lat' dir='ltr'><strong>similia</strong></span> <span class='ocrx_word' id='word_1_12' title='bbox 428 667 498 708; x_wconf 89' lang='lat' dir='ltr'><strong>esse</strong></span> <span class='ocrx_word' id='word_1_13' title='bbox 520 650 602 728; x_wconf 88' lang='lat' dir='ltr'><strong>cupit</strong></span> <span class='ocrx_word' id='word_1_14' title='bbox 622 648 760 709; x_wconf 85' lang='lat' dir='ltr'><strong>Oratoria</strong></span> <span class='ocrx_word' id='word_1_15' title='bbox 778 648 1031 730; x_wconf 70' lang='lat' dir='ltr'><strong>Evangelicorum,</strong></span> <span class='ocrx_word' id='word_1_16' title='bbox 1052 652 1145 714; x_wconf 87' lang='lat' dir='ltr'><strong>bodie</strong></span> 
     </span>
     <span class='ocr_line' id='line_1_4' title="bbox 91 743 1143 828; baseline 0.006 -20"><span class='ocrx_word' id='word_1_17' title='bbox 91 743 95 751; x_wconf 82' lang='lat'>&#39;</span> <span class='ocrx_word' id='word_1_18' title='bbox 128 768 188 809; x_wconf 89' lang='lat' dir='ltr'><strong>nou</strong></span> <span class='ocrx_word' id='word_1_19' title='bbox 219 749 342 828; x_wconf 87' lang='lat' dir='ltr'><strong>amplius</strong></span> <span class='ocrx_word' id='word_1_20' title='bbox 372 747 512 809; x_wconf 73' lang='lat' dir='ltr'>redolere</span> <span class='ocrx_word' id='word_1_21' title='bbox 543 750 707 810; x_wconf 88' lang='lat' dir='ltr'><strong>obsoletam</strong></span> <span class='ocrx_word' id='word_1_22' title='bbox 727 750 955 813; x_wconf 75' lang='lat' dir='ltr'><strong>architecturam</strong></span> <span class='ocrx_word' id='word_1_23' title='bbox 977 752 1143 827; x_wconf 83' lang='lat' dir='ltr'><strong>Gothicam,</strong></span> 
     </span>
    </p>
   </div>
   <div class='ocr_carea' id='block_1_3' title="bbox 82 842 1263 1033">
    <p class='ocr_par' dir='ltr' id='par_1_3' title="bbox 82 842 1263 1033">
     <span class='ocr_line' id='line_1_5' title="bbox 82 842 1263 931; baseline 0.007 -22"><span class='ocrx_word' id='word_1_24' title='bbox 82 864 84 901; x_wconf 78' lang='lat'>=</span> <span class='ocrx_word' id='word_1_25' title='bbox 129 850 167 909; x_wconf 87' lang='lat' dir='ltr'><strong>ad</strong></span> <span class='ocrx_word' id='word_1_26' title='bbox 187 850 274 930; x_wconf 88' lang='lat' dir='ltr'><strong>cujus</strong></span> <span class='ocrx_word' id='word_1_27' title='bbox 295 850 430 908; x_wconf 86' lang='lat' dir='ltr'><strong>normam</strong></span> <span class='ocrx_word' id='word_1_28' title='bbox 450 849 548 909; x_wconf 88' lang='lat' dir='ltr'><strong>omnia</strong></span> <span class='ocrx_word' id='word_1_29' title='bbox 567 849 640 909; x_wconf 88' lang='lat' dir='ltr'><strong>olim</strong></span> <span class='ocrx_word' id='word_1_30' title='bbox 659 850 795 910; x_wconf 86' lang='lat' dir='ltr'><strong>aedificia</strong></span> <span class='ocrx_word' id='word_1_31' title='bbox 815 854 1013 931; x_wconf 75' lang='lat' dir='ltr'><strong>erigebantur.</strong></span> <span class='ocrx_word' id='word_1_32' title='bbox 1067 853 1143 915; x_wconf 79' lang='lat' dir='ltr'><strong>Cum</strong></span> <span class='ocrx_word' id='word_1_33' title='bbox 1212 922 1217 931; x_wconf 60' lang='grc'>,</span> <span class='ocrx_word' id='word_1_34' title='bbox 1258 842 1263 857; x_wconf 64' lang='grc'><em>’</em></span> 
     </span>
     <span class='ocr_line' id='line_1_6' title="bbox 105 948 1251 1033; baseline 0.008 -24"><span class='ocrx_word' id='word_1_35' title='bbox 105 1018 109 1027; x_wconf 33' lang='lat'><strong>¹</strong></span> <span class='ocrx_word' id='word_1_36' title='bbox 127 949 280 1010; x_wconf 78' lang='lat' dir='ltr'><strong>fenestrae</strong></span> <span class='ocrx_word' id='word_1_37' title='bbox 300 967 340 1008; x_wconf 88' lang='lat' dir='ltr'><strong>nc</strong></span> <span class='ocrx_word' id='word_1_38' title='bbox 358 948 539 1009; x_wconf 82' lang='lat' dir='ltr'><strong>ludaeorum</strong></span> <span class='ocrx_word' id='word_1_39' title='bbox 560 949 680 1028; x_wconf 88' lang='lat' dir='ltr'><strong>quidem</strong></span> <span class='ocrx_word' id='word_1_40' title='bbox 696 950 861 1031; x_wconf 70' lang='lat' dir='ltr'><strong>synagogis</strong></span> <span class='ocrx_word' id='word_1_41' title='bbox 877 951 1070 1033; x_wconf 75' lang='lat' dir='ltr'><strong>denegentur,</strong></span> <span class='ocrx_word' id='word_1_42' title='bbox 1083 972 1143 1017; x_wconf 92' lang='lat' dir='ltr'><strong>uon</strong></span> <span class='ocrx_word' id='word_1_43' title='bbox 1247 1021 1251 1029; x_wconf 65' lang='grc'><strong>,</strong></span> 
     </span>
    </p>
   </div>
   <div class='ocr_carea' id='block_1_4' title="bbox 84 1052 1238 1843">
    <p class='ocr_par' dir='ltr' id='par_1_4' title="bbox 84 1052 1238 1843">
     <span class='ocr_line' id='line_1_7' title="bbox 127 1052 1232 1135; baseline 0.003 -25"><span class='ocrx_word' id='word_1_44' title='bbox 127 1052 224 1110; x_wconf 82' lang='lat' dir='ltr'><strong>videri</strong></span> <span class='ocrx_word' id='word_1_45' title='bbox 249 1056 375 1123; x_wconf 76' lang='lat' dir='ltr'><strong>censet,</strong></span> <span class='ocrx_word' id='word_1_46' title='bbox 419 1069 473 1110; x_wconf 86' lang='lat' dir='ltr'><strong>cnr</strong></span> <span class='ocrx_word' id='word_1_47' title='bbox 510 1052 616 1113; x_wconf 86' lang='lat' dir='ltr'><strong>eedem</strong></span> <span class='ocrx_word' id='word_1_48' title='bbox 648 1054 743 1131; x_wconf 71' lang='lat' dir='ltr'><strong>gratia</strong></span> <span class='ocrx_word' id='word_1_49' title='bbox 775 1053 964 1133; x_wconf 78' lang='lat' dir='ltr'><strong>Euangelicis</strong></span> <span class='ocrx_word' id='word_1_50' title='bbox 1004 1061 1142 1135; x_wconf 75' lang='lat' dir='ltr'><strong>negetur.</strong></span> <span class='ocrx_word' id='word_1_51' title='bbox 1230 1106 1232 1113; x_wconf 93' lang='lat'><em>.</em></span> 
     </span>
     <span class='ocr_line' id='line_1_8' title="bbox 84 1146 1143 1233; baseline 0.001 -17"><span class='ocrx_word' id='word_1_52' title='bbox 84 1153 312 1226; x_wconf 82' lang='lat' dir='ltr'><strong>&#39;.Extrancos,</strong></span> <span class='ocrx_word' id='word_1_53' title='bbox 342 1152 392 1230; x_wconf 88' lang='lat' dir='ltr'><strong>qui</strong></span> <span class='ocrx_word' id='word_1_54' title='bbox 419 1153 479 1212; x_wconf 88' lang='lat' dir='ltr'><strong>iter</strong></span> <span class='ocrx_word' id='word_1_55' title='bbox 508 1146 656 1214; x_wconf 75' lang='lat' dir='ltr'><strong>facientes</strong></span> <span class='ocrx_word' id='word_1_56' title='bbox 689 1154 846 1233; x_wconf 87' lang='lat' dir='ltr'><strong>improviso</strong></span> <span class='ocrx_word' id='word_1_57' title='bbox 877 1155 1004 1215; x_wconf 85' lang='lat' dir='ltr'><strong>oratoria</strong></span> <span class='ocrx_word' id='word_1_58' title='bbox 1024 1157 1143 1232; x_wconf 84' lang='lat' dir='ltr'><strong>adeunt,</strong></span> 
     </span>
     <span class='ocr_line' id='line_1_9' title="bbox 127 1252 1142 1337; baseline 0.005 -24"><span class='ocrx_word' id='word_1_59' title='bbox 127 1270 148 1313; x_wconf 88' lang='lat' dir='ltr'><strong>a</strong></span> <span class='ocrx_word' id='word_1_60' title='bbox 166 1253 270 1312; x_wconf 91' lang='lat' dir='ltr'><strong>limine</strong></span> <span class='ocrx_word' id='word_1_61' title='bbox 289 1252 394 1332; x_wconf 87' lang='lat' dir='ltr'><strong>templi</strong></span> <span class='ocrx_word' id='word_1_62' title='bbox 412 1270 586 1328; x_wconf 78' lang='lat' dir='ltr'><strong>removere,</strong></span> <span class='ocrx_word' id='word_1_63' title='bbox 607 1255 723 1330; x_wconf 89' lang='lat' dir='ltr'><strong>durum,</strong></span> <span class='ocrx_word' id='word_1_64' title='bbox 743 1255 886 1315; x_wconf 87' lang='lat' dir='ltr'><strong>indecens</strong></span> <span class='ocrx_word' id='word_1_65' title='bbox 898 1262 986 1335; x_wconf 87' lang='lat' dir='ltr'><strong>atque</strong></span> <span class='ocrx_word' id='word_1_66' title='bbox 1000 1256 1142 1337; x_wconf 76' lang='lat' dir='ltr'><strong>injustum</strong></span> 
     </span>
     <span class='ocr_line' id='line_1_10' title="bbox 129 1352 1237 1436; baseline 0.005 -21"><span class='ocrx_word' id='word_1_67' title='bbox 129 1372 200 1415; x_wconf 82' lang='lat' dir='ltr'><strong>esee</strong></span> <span class='ocrx_word' id='word_1_68' title='bbox 229 1352 376 1432; x_wconf 88' lang='lat' dir='ltr'><strong>opinatur.</strong></span> <span class='ocrx_word' id='word_1_69' title='bbox 406 1384 452 1405; x_wconf 63' lang='grc' dir='ltr'><strong>-ι</strong></span> <span class='ocrx_word' id='word_1_70' title='bbox 471 1353 600 1431; x_wconf 80' lang='lat' dir='ltr'><strong>&#39;Quare</strong></span> <span class='ocrx_word' id='word_1_71' title='bbox 616 1375 686 1416; x_wconf 89' lang='lat' dir='ltr'><strong>curn</strong></span> <span class='ocrx_word' id='word_1_72' title='bbox 715 1356 808 1416; x_wconf 89' lang='lat' dir='ltr'><strong>Briibl</strong></span> <span class='ocrx_word' id='word_1_73' title='bbox 827 1355 977 1436; x_wconf 77' lang='lat' dir='ltr'><strong>Religioni</strong></span> <span class='ocrx_word' id='word_1_74' title='bbox 996 1356 1143 1419; x_wconf 87' lang='lat' dir='ltr'><strong>Romano-</strong></span> <span class='ocrx_word' id='word_1_75' title='bbox 1235 1423 1237 1427; x_wconf 12' lang='grc' dir='ltr'><em>Α</em></span> 
     </span>
     <span class='ocr_line' id='line_1_11' title="bbox 131 1452 1143 1536; baseline 0.008 -23"><span class='ocrx_word' id='word_1_76' title='bbox 131 1453 304 1514; x_wconf 81' lang='lat' dir='ltr'><strong>Gatbolieee</strong></span> <span class='ocrx_word' id='word_1_77' title='bbox 318 1504 321 1511; x_wconf 96' lang='lat'><em>.</em></span> <span class='ocrx_word' id='word_1_78' title='bbox 336 1452 368 1513; x_wconf 87' lang='lat' dir='ltr'><strong>in</strong></span> <span class='ocrx_word' id='word_1_79' title='bbox 408 1453 600 1535; x_wconf 86' lang='lat' dir='ltr'><strong>Scepnsieusi</strong></span> <span class='ocrx_word' id='word_1_80' title='bbox 636 1455 830 1536; x_wconf 75' lang='lat' dir='ltr'><strong>Capitaucatu</strong></span> <span class='ocrx_word' id='word_1_81' title='bbox 867 1457 980 1519; x_wconf 90' lang='lat' dir='ltr'><strong>nullum</strong></span> <span class='ocrx_word' id='word_1_82' title='bbox 1009 1458 1143 1523; x_wconf 79' lang='lat' dir='ltr'><strong>intulerit</strong></span> 
     </span>
     <span class='ocr_line' id='line_1_12' title="bbox 129 1552 1175 1642; baseline 0.005 -25"><span class='ocrx_word' id='word_1_83' title='bbox 129 1555 283 1630; x_wconf 80' lang='lat' dir='ltr'><strong>damnum,</strong></span> <span class='ocrx_word' id='word_1_84' title='bbox 312 1552 531 1619; x_wconf 70' lang='lat' dir='ltr'><strong>consistorium</strong></span> <span class='ocrx_word' id='word_1_85' title='bbox 549 1562 650 1618; x_wconf 89' lang='lat' dir='ltr'><strong>antem</strong></span> <span class='ocrx_word' id='word_1_86' title='bbox 670 1558 869 1637; x_wconf 84' lang='lat' dir='ltr'><strong>Scepuaiense</strong></span> <span class='ocrx_word' id='word_1_87' title='bbox 889 1554 979 1620; x_wconf 85' lang='lat' dir='ltr'><strong>coecb</strong></span> <span class='ocrx_word' id='word_1_88' title='bbox 1000 1560 1069 1622; x_wconf 89' lang='lat' dir='ltr'><strong>odio</strong></span> <span class='ocrx_word' id='word_1_89' title='bbox 1090 1560 1143 1622; x_wconf 86' lang='lat' dir='ltr'><strong>ad·</strong></span> <span class='ocrx_word' id='word_1_90' title='bbox 1171 1636 1175 1642; x_wconf 87' lang='lat'>.</span> 
     </span>
     <span class='ocr_line' id='line_1_13' title="bbox 128 1655 1142 1735; baseline 0.01 -20"><span class='ocrx_word' id='word_1_91' title='bbox 128 1660 242 1717; x_wconf 75' lang='lat' dir='ltr'><strong>verens.</strong></span> <span class='ocrx_word' id='word_1_92' title='bbox 254 1658 329 1716; x_wconf 83' lang='lat' dir='ltr'><strong>&#39;cunt</strong></span> <span class='ocrx_word' id='word_1_93' title='bbox 343 1655 511 1735; x_wconf 84' lang='lat' dir='ltr'><strong>abreptum,</strong></span> <span class='ocrx_word' id='word_1_94' title='bbox 531 1658 597 1718; x_wconf 89' lang='lat' dir='ltr'><strong>sinc</strong></span> <span class='ocrx_word' id='word_1_95' title='bbox 616 1657 715 1721; x_wconf 77' lang='lat' dir='ltr'><strong>fronte</strong></span> <span class='ocrx_word' id='word_1_96' title='bbox 736 1660 868 1719; x_wconf 79' lang='lat' dir='ltr'><strong>ermdcm·</strong></span> <span class='ocrx_word' id='word_1_97' title='bbox 884 1661 941 1721; x_wconf 90' lang='lat' dir='ltr'><strong>toti</strong></span> <span class='ocrx_word' id='word_1_98' title='bbox 964 1661 1142 1727; x_wconf 81' lang='lat' dir='ltr'><strong>Polouorunr</strong></span> 
     </span>
     <span class='ocr_line' id='line_1_14' title="bbox 125 1754 1238 1843; baseline 0.007 -25"><span class='ocrx_word' id='word_1_99' title='bbox 125 1757 310 1836; x_wconf 87' lang='lat' dir='ltr'><strong>reipublicae</strong></span> <span class='ocrx_word' id='word_1_100' title='bbox 330 1778 387 1839; x_wconf 87' lang='lat' dir='ltr'><strong>per</strong></span> <span class='ocrx_word' id='word_1_101' title='bbox 407 1759 552 1820; x_wconf 75' lang='lat' dir='ltr'><strong>famosam</strong></span> <span class='ocrx_word' id='word_1_102' title='bbox 570 1758 816 1821; x_wconf 75' lang='lat' dir='ltr'><strong>intercessionem</strong></span> <span class='ocrx_word' id='word_1_103' title='bbox 834 1754 1143 1843; x_wconf 80' lang='lat' dir='ltr'><strong>(Protestationemet</strong></span> <span class='ocrx_word' id='word_1_104' title='bbox 1235 1800 1238 1805; x_wconf 93' lang='lat'><strong>·</strong></span> 
     </span>
    </p>
   </div>
   <div class='ocr_carea' id='block_1_5' title="bbox 125 1856 1233 2046">
    <p class='ocr_par' dir='ltr' id='par_1_5' title="bbox 125 1856 1259 2046">
     <span class='ocr_line' id='line_1_15' title="bbox 125 1856 1153 1944; baseline 0.008 -25"><span class='ocrx_word' id='word_1_105' title='bbox 125 1856 434 1944; x_wconf 80' lang='lat' dir='ltr'><strong>Reproteotatioucm)</strong></span> <span class='ocrx_word' id='word_1_106' title='bbox 448 1862 544 1943; x_wconf 76' lang='lat' dir='ltr'><strong>‚cujus</strong></span> <span class='ocrx_word' id='word_1_107' title='bbox 562 1862 676 1942; x_wconf 83' lang='lat' dir='ltr'><strong>singula</strong></span> <span class='ocrx_word' id='word_1_108' title='bbox 697 1863 788 1923; x_wconf 83' lang='lat' dir='ltr'><strong>verba</strong></span> <span class='ocrx_word' id='word_1_109' title='bbox 808 1864 888 1924; x_wconf 86' lang='lat' dir='ltr'><strong>virus</strong></span> <span class='ocrx_word' id='word_1_110' title='bbox 911 1869 942 1926; x_wconf 87' lang='lat' dir='ltr'><strong>ct</strong></span> <span class='ocrx_word' id='word_1_111' title='bbox 957 1866 1057 1927; x_wconf 90' lang='lat' dir='ltr'><strong>odium</strong></span> <span class='ocrx_word' id='word_1_112' title='bbox 1072 1885 1153 1928; x_wconf 81' lang='lat' dir='ltr'><strong>evo-</strong></span> 
     </span>
     <span class='ocr_line' id='line_1_16' title="bbox 126 1964 1233 2046; baseline 0.009 -25"><span class='ocrx_word' id='word_1_113' title='bbox 126 1966 229 2037; x_wconf 90' lang='lat' dir='ltr'><strong>munt,</strong></span> <span class='ocrx_word' id='word_1_114' title='bbox 250 1969 422 2042; x_wconf 82' lang='lat' dir='ltr'><strong>suspectum</strong></span> <span class='ocrx_word' id='word_1_115' title='bbox 434 1969 474 2024; x_wconf 93' lang='lat' dir='ltr'><strong>-et</strong></span> <span class='ocrx_word' id='word_1_116' title='bbox 495 1982 616 2026; x_wconf 74' lang='lat' dir='ltr'><strong>mosum</strong></span> <span class='ocrx_word' id='word_1_117' title='bbox 635 1964 773 2040; x_wconf 91' lang='lat' dir='ltr'><strong>reddere,</strong></span> <span class='ocrx_word' id='word_1_118' title='bbox 795 1971 884 2044; x_wconf 85' lang='lat' dir='ltr'><strong>atque</strong></span> <span class='ocrx_word' id='word_1_119' title='bbox 904 1985 942 2027; x_wconf 93' lang='lat' dir='ltr'><strong>eo</strong></span> <span class='ocrx_word' id='word_1_120' title='bbox 953 1967 1020 2046; x_wconf 89' lang='lat' dir='ltr'><strong>ipso</strong></span> <span class='ocrx_word' id='word_1_121' title='bbox 1033 1973 1142 2043; x_wconf 79' lang='lat' dir='ltr'><strong>motus,</strong></span> <span class='ocrx_word' id='word_1_122' title='bbox 1229 2024 1233 2031; x_wconf 90' lang='lat'>.</span> 
     </span>
    </p>
   </div>
   <div class='ocr_carea' id='block_1_6' title="bbox 129 2061 1141 2161">
    <p class='ocr_par' dir='ltr' id='par_1_6' title="bbox 129 2061 1141 2161">
     <span class='ocr_line' id='line_1_17' title="bbox 129 2061 1141 2161; baseline 0.006 -38"><span class='ocrx_word' id='word_1_123' title='bbox 129 2063 182 2143; x_wconf 83' lang='lat' dir='ltr'><strong>qui</strong></span> <span class='ocrx_word' id='word_1_124' title='bbox 202 2061 349 2127; x_wconf 76' lang='lat' dir='ltr'><strong>(inmitem</strong></span> <span class='ocrx_word' id='word_1_125' title='bbox 367 2065 400 2124; x_wconf 89' lang='lat' dir='ltr'><strong>in</strong></span> <span class='ocrx_word' id='word_1_126' title='bbox 422 2084 568 2126; x_wconf 84' lang='lat' dir='ltr'><strong>summmn</strong></span> <span class='ocrx_word' id='word_1_127' title='bbox 588 2064 748 2126; x_wconf 84' lang='lat' dir='ltr'><strong>discrimen</strong></span> <span class='ocrx_word' id='word_1_128' title='bbox 768 2066 917 2127; x_wconf 86' lang='lat' dir='ltr'><strong>adducere</strong></span> <span class='ocrx_word' id='word_1_129' title='bbox 936 2073 1068 2147; x_wconf 87' lang='lat' dir='ltr'><strong>possent,</strong></span> <span class='ocrx_word' id='word_1_130' title='bbox 1089 2088 1141 2161; x_wconf 86' lang='lat' dir='ltr'><strong>ex-</strong></span> 
     </span>
    </p>
   </div>
   <div class='ocr_carea' id='block_1_7' title="bbox 130 2165 1243 2250">
    <p class='ocr_par' dir='ltr' id='par_1_7' title="bbox 130 2165 1243 2250">
     <span class='ocr_line' id='line_1_18' title="bbox 130 2165 1243 2250; baseline 0.008 -24"><span class='ocrx_word' id='word_1_131' title='bbox 130 2165 242 2241; x_wconf 79' lang='lat' dir='ltr'><strong>citare,</strong></span> <span class='ocrx_word' id='word_1_132' title='bbox 261 2167 461 2229; x_wconf 82' lang='lat' dir='ltr'><strong>conscientiae</strong></span> <span class='ocrx_word' id='word_1_133' title='bbox 481 2168 618 2227; x_wconf 87' lang='lat' dir='ltr'><strong>sibinen</strong></span> <span class='ocrx_word' id='word_1_134' title='bbox 639 2169 774 2228; x_wconf 82' lang='lat' dir='ltr'><strong>duxerit:</strong></span> <span class='ocrx_word' id='word_1_135' title='bbox 796 2168 982 2250; x_wconf 79' lang='lat' dir='ltr'><strong>Gartenberg</strong></span> <span class='ocrx_word' id='word_1_136' title='bbox 996 2170 1075 2231; x_wconf 82' lang='lat' dir='ltr'><strong>flexo</strong></span> <span class='ocrx_word' id='word_1_137' title='bbox 1087 2190 1141 2250; x_wconf 86' lang='lat' dir='ltr'><strong>po·</strong></span> <span class='ocrx_word' id='word_1_138' title='bbox 1239 2226 1243 2235; x_wconf 69' lang='grc'><strong>,</strong></span> 
     </span>
    </p>
   </div>
   <div class='ocr_carea' id='block_1_8' title="bbox 110 2264 1142 2552">
    <p class='ocr_par' dir='ltr' id='par_1_8' title="bbox 110 2264 1142 2552">
     <span class='ocr_line' id='line_1_19' title="bbox 110 2264 1142 2355; baseline 0.006 -27"><span class='ocrx_word' id='word_1_139' title='bbox 110 2265 204 2355; x_wconf 12' lang='lat' dir='ltr'><strong>*pute</strong></span> <span class='ocrx_word' id='word_1_140' title='bbox 223 2264 369 2346; x_wconf 64' lang='lat' dir='ltr'><strong>Reginam</strong></span> <span class='ocrx_word' id='word_1_141' title='bbox 389 2274 453 2328; x_wconf 84' lang='lat' dir='ltr'><strong>oret</strong></span> <span class='ocrx_word' id='word_1_142' title='bbox 475 2274 507 2327; x_wconf 90' lang='lat' dir='ltr'><strong>ct</strong></span> <span class='ocrx_word' id='word_1_143' title='bbox 526 2267 701 2342; x_wconf 89' lang='lat' dir='ltr'><strong>obtestatur,</strong></span> <span class='ocrx_word' id='word_1_144' title='bbox 722 2276 835 2329; x_wconf 90' lang='lat' dir='ltr'><strong>utnon</strong></span> <span class='ocrx_word' id='word_1_145' title='bbox 854 2276 967 2331; x_wconf 87' lang='lat' dir='ltr'><strong>tantum</strong></span> <span class='ocrx_word' id='word_1_146' title='bbox 983 2271 1021 2331; x_wconf 92' lang='lat' dir='ltr'><strong>ob</strong></span> <span class='ocrx_word' id='word_1_147' title='bbox 1038 2268 1142 2335; x_wconf 83' lang='lat' dir='ltr'><strong>notum</strong></span> 
     </span>
     <span class='ocr_line' id='line_1_20' title="bbox 128 2368 1142 2452; baseline 0.002 -23"><span class='ocrx_word' id='word_1_148' title='bbox 128 2368 229 2429; x_wconf 81' lang='lat' dir='ltr'><strong>bucce.</strong></span> <span class='ocrx_word' id='word_1_149' title='bbox 253 2371 398 2450; x_wconf 85' lang='lat' dir='ltr'><strong>scriptam</strong></span> <span class='ocrx_word' id='word_1_150' title='bbox 425 2368 608 2449; x_wconf 80' lang='lat' dir='ltr'><strong>Episcopum</strong></span> <span class='ocrx_word' id='word_1_151' title='bbox 637 2375 667 2429; x_wconf 90' lang='lat' dir='ltr'><strong>et</strong></span> <span class='ocrx_word' id='word_1_152' title='bbox 687 2368 892 2448; x_wconf 72' lang='lat' dir='ltr'><strong>Praepositum</strong></span> <span class='ocrx_word' id='word_1_153' title='bbox 912 2371 1142 2452; x_wconf 78' lang='lat' dir='ltr'><strong>Scapuaicusem</strong></span> 
     </span>
     <span class='ocr_line' id='line_1_21' title="bbox 131 2470 1142 2552; baseline 0.003 -21"><span class='ocrx_word' id='word_1_154' title='bbox 131 2470 285 2531; x_wconf 82' lang='lat' dir='ltr'><strong>Zbiskium</strong></span> <span class='ocrx_word' id='word_1_155' title='bbox 302 2470 481 2551; x_wconf 78' lang='lat' dir='ltr'><strong>redargunt,</strong></span> <span class='ocrx_word' id='word_1_156' title='bbox 502 2471 609 2532; x_wconf 90' lang='lat' dir='ltr'><strong>sedet</strong></span> <span class='ocrx_word' id='word_1_157' title='bbox 630 2491 698 2531; x_wconf 91' lang='lat' dir='ltr'><strong>eum</strong></span> <span class='ocrx_word' id='word_1_158' title='bbox 718 2470 818 2532; x_wconf 84' lang='lat' dir='ltr'><strong>officio</strong></span> <span class='ocrx_word' id='word_1_159' title='bbox 840 2472 968 2552; x_wconf 79' lang='lat' dir='ltr'><strong>obliget,</strong></span> <span class='ocrx_word' id='word_1_160' title='bbox 999 2473 1142 2535; x_wconf 84' lang='lat' dir='ltr'><strong>obnoxios</strong></span> 
     </span>
    </p>
   </div>
   <div class='ocr_carea' id='block_1_9' title="bbox 130 2570 1241 2654">
    <p class='ocr_par' dir='ltr' id='par_1_9' title="bbox 130 2570 1241 2654">
     <span class='ocr_line' id='line_1_22' title="bbox 130 2570 1241 2654; baseline 0.001 -20"><span class='ocrx_word' id='word_1_161' title='bbox 130 2570 367 2653; x_wconf 70' lang='lat' dir='ltr'><strong>sincopitdues</strong></span> <span class='ocrx_word' id='word_1_162' title='bbox 389 2578 420 2633; x_wconf 91' lang='lat' dir='ltr'><strong>ct</strong></span> <span class='ocrx_word' id='word_1_163' title='bbox 440 2572 606 2648; x_wconf 88' lang='lat' dir='ltr'><strong>Parochos,</strong></span> <span class='ocrx_word' id='word_1_164' title='bbox 627 2574 706 2633; x_wconf 88' lang='lat' dir='ltr'><strong>serio</strong></span> <span class='ocrx_word' id='word_1_165' title='bbox 727 2574 909 2650; x_wconf 89' lang='lat' dir='ltr'><strong>cohortandi,</strong></span> <span class='ocrx_word' id='word_1_166' title='bbox 929 2578 971 2634; x_wconf 85' lang='lat' dir='ltr'><strong>ne¹</strong></span> <span class='ocrx_word' id='word_1_167' title='bbox 986 2575 1019 2635; x_wconf 93' lang='lat' dir='ltr'><strong>in</strong></span> <span class='ocrx_word' id='word_1_168' title='bbox 1038 2581 1142 2654; x_wconf 86' lang='lat' dir='ltr'><strong>poste·</strong></span> <span class='ocrx_word' id='word_1_169' title='bbox 1237 2622 1241 2627; x_wconf 87' lang='lat'><em>.</em></span> 
     </span>
    </p>
   </div>
   <div class='ocr_carea' id='block_1_10' title="bbox 127 2673 1162 2961">
    <p class='ocr_par' dir='ltr' id='par_1_10' title="bbox 127 2673 1162 2961">
     <span class='ocr_line' id='line_1_23' title="bbox 128 2673 1162 2756; baseline 0 -20"><span class='ocrx_word' id='word_1_170' title='bbox 128 2693 195 2735; x_wconf 89' lang='lat' dir='ltr'><strong>rum</strong></span> <span class='ocrx_word' id='word_1_171' title='bbox 211 2692 261 2751; x_wconf 85' lang='lat' dir='ltr'><strong>¹se</strong></span> <span class='ocrx_word' id='word_1_172' title='bbox 286 2673 457 2756; x_wconf 65' lang='lat' dir='ltr'><strong>hujumodi</strong></span> <span class='ocrx_word' id='word_1_173' title='bbox 486 2673 653 2735; x_wconf 81' lang='lat' dir='ltr'><strong>libellorum</strong></span> <span class='ocrx_word' id='word_1_174' title='bbox 680 2694 749 2735; x_wconf 91' lang='lat' dir='ltr'><strong>reos</strong></span> <span class='ocrx_word' id='word_1_175' title='bbox 779 2673 926 2750; x_wconf 85' lang='lat' dir='ltr'><strong>reddant,¹</strong></span> <span class='ocrx_word' id='word_1_176' title='bbox 949 2675 1041 2735; x_wconf 92' lang='lat' dir='ltr'><strong>multo</strong></span> <span class='ocrx_word' id='word_1_177' title='bbox 1062 2694 1162 2743; x_wconf 76' lang='lat' dir='ltr'><strong>uero,</strong></span> 
     </span>
     <span class='ocr_line' id='line_1_24' title="bbox 128 2775 1140 2857; baseline -0.001 -19"><span class='ocrx_word' id='word_1_178' title='bbox 128 2777 224 2838; x_wconf 89' lang='lat' dir='ltr'><strong>miuus</strong></span> <span class='ocrx_word' id='word_1_179' title='bbox 246 2777 304 2857; x_wconf 85' lang='lat' dir='ltr'><strong>ipsi</strong></span> <span class='ocrx_word' id='word_1_180' title='bbox 324 2775 486 2856; x_wconf 82' lang='lat' dir='ltr'><strong>compilare</strong></span> <span class='ocrx_word' id='word_1_181' title='bbox 505 2782 631 2837; x_wconf 88' lang='lat' dir='ltr'><strong>tentent.</strong></span> <span class='ocrx_word' id='word_1_182' title='bbox 661 2775 719 2837; x_wconf 90' lang='lat' dir='ltr'><strong>His</strong></span> <span class='ocrx_word' id='word_1_183' title='bbox 740 2777 876 2839; x_wconf 89' lang='lat' dir='ltr'><strong>omnibns</strong></span> <span class='ocrx_word' id='word_1_184' title='bbox 896 2777 1056 2857; x_wconf 89' lang='lat' dir='ltr'><strong>perceptis,</strong></span> <span class='ocrx_word' id='word_1_185' title='bbox 1078 2776 1140 2847; x_wconf 77' lang='lat' dir='ltr'><strong>lie-</strong></span> 
     </span>
     <span class='ocr_line' id='line_1_25' title="bbox 127 2877 1141 2961; baseline 0.003 -22"><span class='ocrx_word' id='word_1_186' title='bbox 127 2879 197 2959; x_wconf 72' lang='lat' dir='ltr'><strong>gina</strong></span> <span class='ocrx_word' id='word_1_187' title='bbox 223 2877 305 2939; x_wconf 82' lang='lat' dir='ltr'><strong>facto</strong></span> <span class='ocrx_word' id='word_1_188' title='bbox 334 2879 431 2939; x_wconf 89' lang='lat' dir='ltr'><strong>bocce</strong></span> <span class='ocrx_word' id='word_1_189' title='bbox 451 2878 564 2939; x_wconf 82' lang='lat' dir='ltr'><strong>nefario</strong></span> <span class='ocrx_word' id='word_1_190' title='bbox 595 2878 775 2958; x_wconf 85' lang='lat' dir='ltr'><strong>Praepositi,</strong></span> <span class='ocrx_word' id='word_1_191' title='bbox 806 2885 962 2961; x_wconf 89' lang='lat' dir='ltr'><strong>tantopere</strong></span> <span class='ocrx_word' id='word_1_192' title='bbox 993 2886 1141 2960; x_wconf 83' lang='lat' dir='ltr'><strong>commota</strong></span> 
     </span>
    </p>
   </div>
   <div class='ocr_carea' id='block_1_11' title="bbox 128 2978 1140 3163">
    <p class='ocr_par' dir='ltr' id='par_1_11' title="bbox 128 2978 1140 3163">
     <span class='ocr_line' id='line_1_26' title="bbox 128 2978 1140 3061; baseline 0.003 -21"><span class='ocrx_word' id='word_1_193' title='bbox 128 2979 202 3054; x_wconf 87' lang='lat' dir='ltr'><strong>init,</strong></span> <span class='ocrx_word' id='word_1_194' title='bbox 233 2986 267 3040; x_wconf 93' lang='lat' dir='ltr'><strong>ut</strong></span> <span class='ocrx_word' id='word_1_195' title='bbox 298 2978 457 3061; x_wconf 85' lang='lat' dir='ltr'><strong>Rescripto</strong></span> <span class='ocrx_word' id='word_1_196' title='bbox 475 2978 505 3039; x_wconf 91' lang='lat' dir='ltr'><strong>d.</strong></span> <span class='ocrx_word' id='word_1_197' title='bbox 536 2979 587 3040; x_wconf 78' lang='lat' dir='ltr'><strong>lt.</strong></span> <span class='ocrx_word' id='word_1_198' title='bbox 607 2978 712 3042; x_wconf 89' lang='lat' dir='ltr'><strong>Martii</strong></span> <span class='ocrx_word' id='word_1_199' title='bbox 741 2981 829 3041; x_wconf 73' lang='lat' dir='ltr'><strong>lton</strong></span> <span class='ocrx_word' id='word_1_200' title='bbox 851 2980 979 3042; x_wconf 82' lang='lat' dir='ltr'><strong>Excelsa</strong></span> <span class='ocrx_word' id='word_1_201' title='bbox 1008 2980 1140 3043; x_wconf 82' lang='lat' dir='ltr'><strong>Consilio</strong></span> 
     </span>
     <span class='ocr_line' id='line_1_27' title="bbox 128 3044 1139 3163; baseline 0.004 -22"><span class='ocrx_word' id='word_1_202' title='bbox 128 3081 394 3142; x_wconf 79' lang='lat' dir='ltr'><strong>Locumteneutiali</strong></span> <span class='ocrx_word' id='word_1_203' title='bbox 413 3044 510 3162; x_wconf 57' lang='lat' dir='ltr'><strong>lldlgio.</strong></span> <span class='ocrx_word' id='word_1_204' title='bbox 529 3081 699 3161; x_wconf 75' lang='lat' dir='ltr'><strong>ilungarico</strong></span> <span class='ocrx_word' id='word_1_205' title='bbox 719 3082 915 3163; x_wconf 82' lang='lat' dir='ltr'><strong>praeceperit,</strong></span> <span class='ocrx_word' id='word_1_206' title='bbox 935 3088 968 3142; x_wconf 93' lang='lat' dir='ltr'><strong>ut</strong></span> <span class='ocrx_word' id='word_1_207' title='bbox 992 3083 1139 3162; x_wconf 83' lang='lat' dir='ltr'><strong>siquidem</strong></span> 
     </span>
    </p>
   </div>
   <div class='ocr_carea' id='block_1_12' title="bbox 128 3182 1242 3269">
    <p class='ocr_par' dir='ltr' id='par_1_12' title="bbox 128 3182 1242 3269">
     <span class='ocr_line' id='line_1_28' title="bbox 128 3182 1242 3269; baseline -0.005 -25"><span class='ocrx_word' id='word_1_208' title='bbox 128 3184 250 3263; x_wconf 77' lang='lat' dir='ltr'><strong>negotio</strong></span> <span class='ocrx_word' id='word_1_209' title='bbox 271 3182 429 3244; x_wconf 88' lang='lat' dir='ltr'><strong>Tredecim</strong></span> <span class='ocrx_word' id='word_1_210' title='bbox 442 3182 665 3269; x_wconf 80' lang='lat' dir='ltr'><strong>Oppidanorum</strong></span> <span class='ocrx_word' id='word_1_211' title='bbox 685 3184 724 3243; x_wconf 89' lang='lat' dir='ltr'><strong>ad</strong></span> <span class='ocrx_word' id='word_1_212' title='bbox 745 3189 898 3263; x_wconf 81' lang='lat' dir='ltr'><strong>angustum</strong></span> <span class='ocrx_word' id='word_1_213' title='bbox 918 3183 1015 3245; x_wconf 83' lang='lat' dir='ltr'><strong>aulam</strong></span> <span class='ocrx_word' id='word_1_214' title='bbox 1029 3184 1139 3260; x_wconf 91' lang='lat' dir='ltr'><strong>delato,</strong></span> <span class='ocrx_word' id='word_1_215' title='bbox 1239 3233 1242 3238; x_wconf 80' lang='grc'><strong><em>,</em></strong></span> 
     </span>
    </p>
   </div>
   <div class='ocr_carea' id='block_1_13' title="bbox 82 3283 1139 4079">
    <p class='ocr_par' dir='ltr' id='par_1_13' title="bbox 82 3283 1139 4079">
     <span class='ocr_line' id='line_1_29' title="bbox 127 3283 1137 3366; baseline 0.003 -22"><span class='ocrx_word' id='word_1_216' title='bbox 127 3283 302 3363; x_wconf 88' lang='lat' dir='ltr'><strong>Praeposito</strong></span> <span class='ocrx_word' id='word_1_217' title='bbox 323 3284 448 3364; x_wconf 83' lang='lat' dir='ltr'><strong>ejusque</strong></span> <span class='ocrx_word' id='word_1_218' title='bbox 470 3283 653 3345; x_wconf 77' lang='lat' dir='ltr'><strong>Consistorio</strong></span> <span class='ocrx_word' id='word_1_219' title='bbox 680 3284 913 3365; x_wconf 79' lang='lat' dir='ltr'><strong>abelargienda-</strong></span> <span class='ocrx_word' id='word_1_220' title='bbox 927 3284 1053 3366; x_wconf 72' lang='lat' dir='ltr'><strong>benigna</strong></span> <span class='ocrx_word' id='word_1_221' title='bbox 1073 3285 1137 3347; x_wconf 87' lang='lat' dir='ltr'><strong>Re-</strong></span> 
     </span>
     <span class='ocr_line' id='line_1_30' title="bbox 82 3385 1139 3470; baseline 0.005 -24"><span class='ocrx_word' id='word_1_222' title='bbox 82 3436 96 3453; x_wconf 87' lang='grc'><strong>,.</strong></span> <span class='ocrx_word' id='word_1_223' title='bbox 128 3385 276 3447; x_wconf 90' lang='lat' dir='ltr'><strong>solutione</strong></span> <span class='ocrx_word' id='word_1_224' title='bbox 306 3387 543 3466; x_wconf 84' lang='lat' dir='ltr'><strong>praestolandum</strong></span> <span class='ocrx_word' id='word_1_225' title='bbox 568 3387 646 3463; x_wconf 88' lang='lat' dir='ltr'><strong>fuit,</strong></span> <span class='ocrx_word' id='word_1_226' title='bbox 680 3406 740 3447; x_wconf 90' lang='lat' dir='ltr'><strong>non</strong></span> <span class='ocrx_word' id='word_1_227' title='bbox 770 3393 869 3449; x_wconf 88' lang='lat' dir='ltr'><strong>autem</strong></span> <span class='ocrx_word' id='word_1_228' title='bbox 898 3389 987 3469; x_wconf 86' lang='lat' dir='ltr'><strong>hujus</strong></span> <span class='ocrx_word' id='word_1_229' title='bbox 1018 3390 1139 3470; x_wconf 79' lang='lat' dir='ltr'><strong>generis</strong></span> 
     </span>
     <span class='ocr_line' id='line_1_31' title="bbox 127 3488 1139 3571; baseline 0.002 -21"><span class='ocrx_word' id='word_1_230' title='bbox 127 3488 288 3569; x_wconf 85' lang='lat' dir='ltr'><strong>scriptum,</strong></span> <span class='ocrx_word' id='word_1_231' title='bbox 309 3488 388 3567; x_wconf 90' lang='lat' dir='ltr'><strong>quod</strong></span> <span class='ocrx_word' id='word_1_232' title='bbox 408 3488 544 3569; x_wconf 91' lang='lat' dir='ltr'><strong>publicae</strong></span> <span class='ocrx_word' id='word_1_233' title='bbox 563 3489 766 3568; x_wconf 85' lang='lat' dir='ltr'><strong>tranquillitati</strong></span> <span class='ocrx_word' id='word_1_234' title='bbox 785 3490 985 3570; x_wconf 88' lang='lat' dir='ltr'><strong>perniciosum</strong></span> <span class='ocrx_word' id='word_1_235' title='bbox 1005 3497 1037 3552; x_wconf 87' lang='lat' dir='ltr'><strong>et</strong></span> <span class='ocrx_word' id='word_1_236' title='bbox 1057 3493 1139 3571; x_wconf 90' lang='lat' dir='ltr'><strong>peri-</strong></span> 
     </span>
     <span class='ocr_line' id='line_1_32' title="bbox 128 3589 1139 3673; baseline 0 -20"><span class='ocrx_word' id='word_1_237' title='bbox 128 3589 263 3654; x_wconf 85' lang='lat' dir='ltr'><strong>culosum</strong></span> <span class='ocrx_word' id='word_1_238' title='bbox 282 3608 353 3651; x_wconf 86' lang='lat' dir='ltr'><strong>esee</strong></span> <span class='ocrx_word' id='word_1_239' title='bbox 372 3590 519 3669; x_wconf 86' lang='lat' dir='ltr'><strong>potuisset</strong></span> <span class='ocrx_word' id='word_1_240' title='bbox 539 3591 787 3671; x_wconf 88' lang='lat' dir='ltr'><strong>componendum:</strong></span> <span class='ocrx_word' id='word_1_241' title='bbox 808 3590 979 3672; x_wconf 88' lang='lat' dir='ltr'><strong>Praeposito</strong></span> <span class='ocrx_word' id='word_1_242' title='bbox 997 3590 1041 3651; x_wconf 93' lang='lat' dir='ltr'><strong>illi</strong></span> <span class='ocrx_word' id='word_1_243' title='bbox 1057 3593 1139 3673; x_wconf 88' lang='lat' dir='ltr'><strong>ejus-</strong></span> 
     </span>
     <span class='ocr_line' id='line_1_33' title="bbox 129 3690 1139 3772; baseline 0.002 -20"><span class='ocrx_word' id='word_1_244' title='bbox 129 3711 188 3772; x_wconf 84' lang='lat' dir='ltr'><strong>que</strong></span> <span class='ocrx_word' id='word_1_245' title='bbox 209 3690 393 3753; x_wconf 69' lang='lat' dir='ltr'><strong>Goudstorio</strong></span> <span class='ocrx_word' id='word_1_246' title='bbox 414 3691 663 3753; x_wconf 83' lang='lat' dir='ltr'><strong>inconsideratum</strong></span> <span class='ocrx_word' id='word_1_247' title='bbox 683 3696 714 3753; x_wconf 92' lang='lat' dir='ltr'><strong>et</strong></span> <span class='ocrx_word' id='word_1_248' title='bbox 730 3691 824 3752; x_wconf 83' lang='lat' dir='ltr'><strong>audax</strong></span> <span class='ocrx_word' id='word_1_249' title='bbox 838 3691 950 3756; x_wconf 86' lang='lat' dir='ltr'><strong>factum</strong></span> <span class='ocrx_word' id='word_1_250' title='bbox 964 3712 1069 3755; x_wconf 87' lang='lat' dir='ltr'><strong>severe</strong></span> <span class='ocrx_word' id='word_1_251' title='bbox 1082 3694 1139 3754; x_wconf 87' lang='lat' dir='ltr'><strong>irn-</strong></span> 
     </span>
     <span class='ocr_line' id='line_1_34' title="bbox 127 3793 1138 3874; baseline 0.001 -20"><span class='ocrx_word' id='word_1_252' title='bbox 127 3794 288 3874; x_wconf 87' lang='lat' dir='ltr'><strong>probaret,</strong></span> <span class='ocrx_word' id='word_1_253' title='bbox 320 3813 433 3873; x_wconf 82' lang='lat' dir='ltr'><strong>eosque</strong></span> <span class='ocrx_word' id='word_1_254' title='bbox 464 3793 680 3856; x_wconf 84' lang='lat' dir='ltr'><strong>afrcinorlbao</strong></span> <span class='ocrx_word' id='word_1_255' title='bbox 701 3793 809 3855; x_wconf 89' lang='lat' dir='ltr'><strong>talibus</strong></span> <span class='ocrx_word' id='word_1_256' title='bbox 829 3794 971 3855; x_wconf 89' lang='lat' dir='ltr'><strong>audendis</strong></span> <span class='ocrx_word' id='word_1_257' title='bbox 991 3803 1138 3869; x_wconf 77' lang='lat' dir='ltr'><strong>avocaret,</strong></span> 
     </span>
     <span class='ocr_line' id='line_1_35' title="bbox 129 3880 1139 3976; baseline 0.003 -22"><span class='ocrx_word' id='word_1_258' title='bbox 129 3894 247 3975; x_wconf 79' lang='lat' dir='ltr'><strong>ssi-quid</strong></span> <span class='ocrx_word' id='word_1_259' title='bbox 268 3895 457 3976; x_wconf 85' lang='lat' dir='ltr'><strong>querelarum</strong></span> <span class='ocrx_word' id='word_1_260' title='bbox 476 3893 618 3976; x_wconf 89' lang='lat' dir='ltr'><strong>deinceps</strong></span> <span class='ocrx_word' id='word_1_261' title='bbox 638 3880 811 3971; x_wconf 78' lang='lat' dir='ltr'><strong>habuerint,</strong></span> <span class='ocrx_word' id='word_1_262' title='bbox 831 3894 864 3957; x_wconf 90' lang='lat' dir='ltr'><strong>id</strong></span> <span class='ocrx_word' id='word_1_263' title='bbox 879 3914 932 3957; x_wconf 88' lang='lat' dir='ltr'><strong>eoa</strong></span> <span class='ocrx_word' id='word_1_264' title='bbox 946 3895 1078 3975; x_wconf 72' lang='lat' dir='ltr'><strong>legitima</strong></span> <span class='ocrx_word' id='word_1_265' title='bbox 1090 3894 1139 3957; x_wconf 85' lang='lat' dir='ltr'><strong>via</strong></span> 
     </span>
     <span class='ocr_line' id='line_1_36' title="bbox 127 3994 1139 4079; baseline 0 -18"><span class='ocrx_word' id='word_1_266' title='bbox 127 3994 359 4061; x_wconf 67' lang='lat' dir='ltr'><strong>domnoleno</strong></span> <span class='ocrx_word' id='word_1_267' title='bbox 379 4015 547 4079; x_wconf 88' lang='lat' dir='ltr'><strong>proponere</strong></span> <span class='ocrx_word' id='word_1_268' title='bbox 572 3995 713 4079; x_wconf 80' lang='lat' dir='ltr'><strong>juberet,</strong></span> <span class='ocrx_word' id='word_1_269' title='bbox 739 4016 816 4078; x_wconf 78' lang='lat' dir='ltr'><strong>quoe</strong></span> <span class='ocrx_word' id='word_1_270' title='bbox 841 3995 1016 4079; x_wconf 83' lang='lat' dir='ltr'><strong>Praeposito</strong></span> <span class='ocrx_word' id='word_1_271' title='bbox 1042 3995 1139 4061; x_wconf 79' lang='lat' dir='ltr'><strong>Reso-</strong></span> 
     </span>
    </p>
   </div>
   <div class='ocr_carea' id='block_1_14' title="bbox 0 0 1276 4694">
    <p class='ocr_par' dir='ltr' id='par_1_14' title="bbox 0 0 1276 4694">
     <span class='ocr_line' id='line_1_37' title="bbox 0 0 1276 4694; baseline 0 0"><span class='ocrx_word' id='word_1_272' title='bbox 0 0 1276 4694; x_wconf 95' lang='lat' dir='ltr'><strong> </strong></span> 
     </span>
    </p>
   </div>
  </div>
 </body>
</html>
