2544 4694
735 362 738 373 Ι

606 414 682 477 ono

548 496 750 507 -----

137 582 175 643 lis
197 584 228 641 in
250 582 366 662 oppidis
387 583 514 643 Pcrocld
536 581 698 659 Catholici,
718 583 969 645 Introductionem
990 585 1155 665 Puerpers-

139 704 205 744 rum
227 684 490 763 lirangelicrrnm,
530 686 561 744 in
578 685 776 779 matrimoniis
798 686 896 746 mixtis
919 686 976 746 sibi
996 687 1155 763 vindicent,

139 784 357 844 Dircctorntum
378 784 554 845 Sclrolarum
575 785 730 863 mistarum
751 819 794 830 -
825 785 947 846 Libicoe
968 788 1155 867 potissimum
1243 830 1249 846 t

138 920 183 931 -
203 886 297 947 adse
317 886 510 965 pertrahunt,
532 876 675 946 sociatum
696 906 905 967 cempennrmn
924 906 1011 948 usum
1031 888 1155 955 Nostro-

137 988 218 1049 tilrus
239 994 365 1069 negent,
387 989 561 1066 permittere
583 962 693 1061 noluirt,
717 994 750 1047 ut
769 987 927 1049 Nostrates
949 989 1055 1050 eodem
1075 990 1152 1052 tem'-

99 1092 103 1099 '
136 1108 212 1170 pore
239 1088 359 1170 publice
386 1089 491 1168 pietati
521 1093 627 1148 vocent
655 1092 706 1148 eut
734 1088 834 1149 funeri
862 1082 955 1169 justu¹
973 1091 1154 1170 persolvent,

137 1208 199 1271 quo
221 1189 368 1250 Catholici
389 1190 485 1248 dirirro
506 1209 560 1248 suo
581 1189 701 1249 obeunt.
762 1189 869 1269 Neque
890 1191 998 1252 desunt
1020 1193 1155 1273 exempla
1264 1210 1266 1214 ’

137 1290 389 1371 postulationum,
410 1294 443 1351 ut
463 1289 629 1365 Nostrates,
651 1288 821 1350 catholicos
844 1289 969 1371 Templo
990 1292 1083 1353 aliare
1105 1312 1155 1354 se-

137 1390 443 1463 dlllcinl’nrochinlio
463 1395 613 1457 struentes
634 1390 681 1449 vel
703 1391 914 1467 instaurantes,
930 1393 1062 1473 gratuito
1083 1413 1155 1474 ope-

137 1492 297 1563 rimmo
326 1510 475 1571 curruque
495 1491 699 1570 praestandis,
722 1491 892 1561 sublevent..
928 1492 1054 1555 Accedit
1074 1495 1154 1574 quod

128 1594 295 1667 Nostrotes
316 1593 355 1653 ed
375 1594 505 1652 honores
525 1592 638 1653 altioris
665 1592 777 1654 ordinis
805 1613 900 1673 penes
929 1592 999 1655 lncl.
1021 1594 1155 1657 Admini-

135 1695 313 1767 strrtlonem
333 1694 506 1774 aegerrime·
518 1693 729 1772 provehuntur.
931 1710 935 1716 ·

125 1844 144 1873 ,,
170 1834 184 1871 ·.-
202 1794 295 1877 „lpse
315 1795 383 1859 Rex
403 1797 531 1876 optimus
553 1794 713 1856 'l'rcdecim
734 1815 851 1876 quoqne
873 1796 1037 1879 Oppidanis
1056 1799 1155 1861 Eron-

127 1896 243 1979 gelicior
275 1898 360 1979 ploro
394 1898 508 1978 gratiae
536 1904 566 1958 et
590 1897 814 1959 benevolentiae
845 1918 916 1959 soce
943 1902 1026 1962 dedit
1051 1886 1168 1963 rnornr-v

137 2005 249 2067 ments.
290 2000 410 2061 Etenim
430 1998 564 2059 lntimnto
587 2000 616 2059 d.
637 1997 669 2059 5.
690 1998 765 2059 Nor.
789 2000 871 2061 1793
892 2001 931 2062 od
958 2001 1154 2063 Administra-

137 2102 251 2175 tinnom
278 2100 417 2163 Sedecim
445 2101 630 2179 Oppidorum
661 2100 905 2179 Scepusicnsium
936 2103 1021 2180 dato,
1056 2106 1154 2166 sanxit

137 2208 172 2265 ut
199 2202 346 2279 murtae,
378 2224 453 2283 quac
485 2204 640 2281 opificibus
671 2205 841 2284 irrogantur
861 2206 888 2265 si
908 2204 953 2264 illi
981 2205 1152 2285 Evmgelici

136 2304 267 2380 luerint,
286 2305 401 2365 serario
422 2310 561 2366 coetuum
581 2304 828 2384 Evmgelicorum
847 2305 1021 2367 inferuntur.
1064 2308 1155 2369 Prec-

137 2414 225 2469 rerer
254 2406 390 2469 lntimoto
419 2407 449 2465 d.
479 2406 509 2468 8.
544 2405 610 2467 Oct.
644 2407 729 2467 1799
759 2407 866 2484 edixit,
898 2414 931 2469 ut
962 2409 989 2475 si
1020 2409 1090 2488 quid
1119 2428 1156 2470 er

139 2492 255 2571 teredo
284 2511 450 2577 domestico
483 2511 625 2585 civitatis,
665 2509 753 2571 fectis
790 2511 934 2589 impensis
966 2511 1094 2589 publicis
1124 2520 1157 2573 et

139 2610 290 2691 onnon
327 2610 475 2672 Ecclesiis
520 2610 742 2672 Peroclsiolibus
788 2611 965 2692 Scholisqne
1007 2611 1157 2674 llornnno-

138 2712 300 2783 &idolicis
320 2718 385 2773 roto
405 2718 501 2791 porte,
521 2717 635 2772 monet:
667 2713 757 2772 etism
784 2713 816 2772 in
837 2712 996 2775 Tredeoim
1018 2713 1154 2792 Oppidis,

136 2815 366 2887 necessitatibus
399 2812 571 2892 Evangelici
601 2811 789 2873 confessioni
828 2812 1022 2875 Addictomm
1055 2815 1156 2877 habito

138 2896 268 2997 crpitum
288 2916 404 2976 ratione
433 2922 464 2977 et
492 2915 600 2975 sororii
620 2916 740 2991 viribus,
768 2916 977 2991 subveniatur3
999 2924 1156 2995 praetereo

98 3086 105 3093 ,
137 3020 225 3081 fundi
259 3038 377 3099 quoque
414 3018 560 3079 Coetuum
597 3018 845 3097 Evangelicorum
880 3019 912 3079 in
942 3018 1060 3081 Liberis
1092 3020 1156 3081 Re-

136 3122 254 3203 giisqne
291 3122 457 3182 civitatibus
493 3127 582 3198 atquc
621 3119 758 3179 Sedecim
799 3119 926 3198 Oppidis
963 3120 1099 3198 Scepusii
1138 3142 1155 3183 s

137 3224 251 3291 tributo
279 3228 311 3311 et
339 3222 481 3283 oneribus
508 3218 643 3281 civilibus
663 3220 809 3280 immunes
831 3226 976 3281 moneant
1018 3221 1155 3301 Denique

137 3324 274 3387 lntlmoto
301 3324 333 3383 4.
356 3324 430 3383 Dec.
465 3322 548 3383 leot
579 3321 618 3380 ad
645 3320 940 3383 Administrationem
970 3321 1160 3400 oppidorum·

138 3425 380 3504 Scopusiensium
402 3417 480 3498 doto,
511 3422 548 3484 V.
570 3420 607 3481 l).
629 3420 833 3481 lllinistrorum
853 3422 924 3496 lilii,
952 3423 1058 3482 eodem
1086 3442 1152 3485 cum

137 3521 310 3608 perentibus
330 3527 411 3586 rictu
431 3531 567 3601 utentes,
596 3541 613 3582 o
636 3522 863 3600 Conscriptione
883 3523 1017 3601 populari
1036 3524 1154 3604 ignobi-

135 3630 210 3691 lium
230 3629 351 3705 exemti,
371 3628 410 3689 od
431 3627 566 3688 Classem
586 3625 816 3685 Honoratiorum
835 3624 944 3701 referri
962 3625 1116 3707 jubentur.

545 3898 693 3911 ...u-...m-
705 3898 747 3905 ..-
