2542 4702
543 401 603 469 lor

470 494 545 505 ι...-
556 500 559 505 -
613 490 672 507 ...0¹

56 568 255 636 Labomlrolrl
274 568 435 637 ’l'redeclm
455 573 582 656 oppidis
602 578 773 637 comtanter
791 574 940 654 ntegrm
957 589 1079 635 serare

61 676 201 757 tuerique
220 676 381 751 voluisset,
420 675 486 737 sine
516 675 607 739 dublo
637 675 736 737 adbuc
763 672 922 739 Nootrstes
953 672 1081 753 Templa

65 768 270 853 Parocbislis,
311 775 470 839 Paroeblss
490 782 657 857 cmctsque
676 776 717 839 a'd
734 776 800 839 illas
820 775 1001 875 pertinentia
1018 775 1081 837 Be-

73 879 182 955 nellcls,
203 883 351 941 tenerent.
394 876 486 943 Ceste
505 895 565 941 non
584 878 652 941 slne
671 879 740 961 ejus
760 877 848 960 culpa
860 846 980 955 aecidll,
1000 875 1080 959 qnod

43 973 118 1041 llls
135 981 243 1042 ambae
262 981 424 1061 lugeamus.
607 1014 612 1029 ι

148 1082 206 1143 Ilst
236 1087 336 1142 autem
356 1080 437 1141 ratio
468 1054 681 1161 Tenrplmwu,
705 1070 739 1142 ln
763 1066 922 1143 evolem
943 1078 1079 1162 Oppido,

76 1195 124 1257 por
135 1180 461 1243 Rmnonetlotbolicoa
481 1187 701 1262 occupatorum
712 1182 799 1243 baec.
811 1175 970 1262 Postquam
984 1180 1079 1243 Geor·

79 1281 132 1359 glos
151 1280 296 1362 Bdrsonp,
309 1280 440 1362 Capituli
461 1281 671 1363 Seepnsiensis
691 1281 891 1365 Praepositae,
910 1282 1080 1367 Principem

78 1377 253 1445 lubomirsld
271 1384 386 1459 literis,
435 1370 543 1446 tertiae
562 1382 738 1447 Decembris
758 1402 806 1457 au.
827 1384 911 1460 Ibit)
930 1384 1079 1449 incassum

26 1483 271 1561 sollicitasset,
301 1486 340 1548 ad
360 1484 486 1566 Templa
510 1486 543 1545 ln
562 1466 725 1547 Tredecim
746 1485 872 1567 oppidis
892 1484 1080 1565 Evangelicis

70 1585 233 1655 adimendas
252 1586 436 1651 neonem
455 1586 597 1649 Poloniae
618 1586 734 1668 Regem
754 1588 913 1668 permovit,
930 1592 965 1649 ut
984 1581 1091 1671 raes,

69 1687 122 1749 bns
142 1687 260 1749 Piorum
280 1687 464 1763 Scholarnm,
486 1708 562 1768 quae
577 1688 712 1749 Podolini
732 1688 851 1763 florent,
872 1687 1028 1769 aequabile
1047 1687 1080 1750 ln

66 1786 192 1869 Templa
212 1795 245 1852 et
263 1788 416 1851 Beneficia
435 1786 619 1880 Paroclrlalia
640 1809 708 1850 com
727 1789 933 1871 iliangebcis,
964 1790 995 1851 ln
1016 1788 1079 1871 0p-
1192 1805 1197 1815 ·

62 1890 144 1972 pislis
160 1891 278 1966 'lrlsce,
300 1892 353 1971 jus
380 1890 560 1953 concederet
593 1896 832 1973 potestatemque
864 1892 960 1968 daret,
993 1910 1080 1953 saera

59 1992 124 2055 ritu
154 1990 306 2054 Romanae
337 1992 493 2055 Ecclesiae
522 1992 556 2059 iu
583 1994 656 2073 ipsis
686 1991 837 2072 Templis,
876 2012 953 2073 quae
980 1992 1079 2055 adhuc

58 2092 261 2170 Dissidentes,
282 2112 340 2174 qno
360 2095 479 2181 nomine
498 2094 668 2174 Ermgclici
689 2096 719 2159 io
740 2093 862 2156 Polonia
881 2094 1079 2175 lrsslgnleban-

60 2202 125 2271 tur,
145 2196 297 2271 tenebant,
317 2194 356 2257 sd
376 2195 482 2257 altaria
500 2194 651 2272 faciundi,
672 2202 804 2265 mortuos
825 2196 864 2265 ad
884 2194 1011 2278 Templa
1030 2193 1079 2257 rel

56 2299 93 2359 in
121 2296 229 2359 iisdem
255 2297 344 2358 etiam
370 2297 553 2377 seponendi,
587 2298 753 2377 compenis,
782 2316 908 2376 organo,
935 2302 1078 2378 suggestu

56 2416 152 2461 sacro
170 2404 204 2465 et
222 2397 353 2459 clavibus
369 2397 737 2479 Templilibe'remteadi,
768 2397 882 2461 Missae
901 2398 1079 2461 sacrificium
1108 2462 1111 2471 ,

58 2505 97 2563 et
116 2518 256 2580 pompam
274 2519 388 2561 sacram
409 2497 512 2583 (viduo
530 2497 755 2585 Pmeeasiones)
776 2499 957 2575 instlmendl,
977 2517 1078 2561 sacros

58 2601 140 2663 situs
169 2600 395 2662 administrandi
425 2620 481 2680 pro
513 2601 656 2663 concione
686 2600 804 2663 dicendi
831 2602 1077 2682 juventutemque

58 2698 229 2765 erudiendi.
271 2701 338 2765 Hoc
367 2701 510 2765 Mandato
540 2703 603 2765 die·
617 2703 669 2763 24.
694 2700 776 2765 lunii
804 2722 881 2765 anno
903 2703 985 2764 1671
1007 2721 1078 2765 eon-

57 2803 158 2879 lecto,
177 2803 315 2864 nonum
335 2801 451 2878 Patres,
471 2792 575 2865 mense
586 2802 665 2865 lolio
686 2802 835 2879 dinddlaus
854 2810 971 2884 partem
986 2792 1078 2865 uemss

56 2904 189 2987 plorasse,
210 2902 392 2978 Reditunm,
412 2894 659 2984 Decimarumque
678 2909 711 2964 et
732 2903 847 2967 Socella
869 2903 996 2980 elme,
1015 2902 1075 2966 Vd-

57 3004 342 3081 nlil„,Neocomii‚
362 3004 617 3082 Micbadllsvillae,
637 3006 670 3065 ln
690 3004 795 3067 Monte
815 3004 848 3065 S.
870 3004 993 3086 Georgii
1010 3003 1074 3085 ,Li-

57 3106 160 3184 bicae,
196 3106 289 3169 Belae
309 3112 341 3167 et
367 3106 398 3167 in
426 3105 492 3167 aliis
520 3106 596 3185 lonis
624 3106 684 3168 ribi
710 3112 856 3187 perpetuo
881 3106 954 3187 jure
975 3105 1075 3186 porsi-

58 3209 162 3273 denda
192 3209 339 3288 assignari
370 3209 532 3287 imperiose
567 3208 772 3287 postulabant,
793 3227 845 3269 -eo
872 3212 1077 3287 provocantcs,

59 3310 143 3393 quod
162 3308 238 3391 Rex,
260 3309 286 3369 si
306 3308 448 3388 oppidani
469 3308 655 3389 praescripto
675 3309 742 3389 ejus
762 3305 993 3389 refragarentur,
1013 3308 1075 3388 prl-

58 3412 181 3474 vstione
217 3409 456 3488 Privllegiornm,
504 3407 639 3499 durium,
671 3409 873 3485 Libertatem,
908 3408 1075 3471 adcretione

59 3512 268 3592 Templornm,
289 3510 491 3584 Socellornm,
512 3510 741 3587 Paroclriarum,
763 3510 959 3586 Scholarum,
978 3509 1074 3591 begar

58 3618 184 3691 tionum,
204 3612 380 3687 Redituum,
401 3613 582 3692 irrogatione
603 3613 730 3681 mulctae
751 3613 906 3689 tredecim,
920 3612 1009 3691 mille¹
1022 3632 1074 3675 au·

58 3726 199 3790 reorum,
237 3714 344 3776 exsilio
382 3711 537 3775 Pastorum
565 3719 597 3776 et
624 3715 771 3775 amotione
796 3711 1023 3792 magistratuum
1055 3732 1074 3774 a

57 3816 233 3881 maneribus
253 3814 424 3875 minaretur.
466 3813 637 3894 Evangelio
656 3821 886 3895 expavescentes
891 3812 1073 3891 ,loannem

58 3916 291 3994 Twomamzky
312 3912 612 3999 llice-capitaneum
643 3914 674 3975 in
703 3914 856 3977 consilium
883 3900 1073 3991 adhibebant,

56 4020 115 4104 qus
134 4019 180 4083 eis
198 4016 310 4091 suno,
335 4016 444 4085 amma
459 4013 569 4087 node
591 4014 798 4125 omniserunt
821 4015 977 4115 scrobum
999 4034 1073 4095 non
