2542 4702
210 436 263 498 tici
282 435 327 496 illi
344 440 467 495 orantea
487 430 718 513 Gatboliooaqae
735 432 868 497 ludibrio
887 436 1053 516 hm,
1080 446 1254 517 utut-¹3

211 536 347 618 —qnod
358 534 396 595 ad
409 534 549 595 oratoria
565 554 660 613 neque
680 534 720 595 ad
740 554 847 595 aunrma
869 537 954 599 libi
972 558 1035 601 nou
1054 541 1119 614 alii,
1140 563 1243 623 qn

210 640 372 701 Trodceim
403 636 607 717 oppidorum,
647 636 782 697 Lntbero
809 638 922 699 addicti
949 640 1084 717 incolae,
1113 643 1231 707 suniat

209 742 348 811 admiua‘,
379 740 449 818 qnia
479 748 636 797 extraneos
664 740 836 817 gravissima
856 741 966 803 mulcta
984 743 1105 805 immitti
1124 746 1222 826 probi-
1262 786 1267 838 ³

209 844 310 915 tiebat,
327 843 393 922 jana
411 858 483 899 vcro
504 858 582 899 nune
602 838 735 917 privatae
755 839 813 899 bae
828 840 932 901 domna
947 845 1119 921 promiacue
1131 846 1215 909 bad·

209 946 296 1005 urbna
317 962 355 1003 cn
374 943 478 1001 ricinia
498 940 772 1013 iurisdictionibus,
802 942 974 1021 ilmtgariae
993 947 1067 1011 riola
1087 954 1121 1009 ot
1140 949 1215 1029 oppl-

207 1048 255 1108 rlia
282 1043 521 1116 adventantibus,
553 1042 665 1121 apretia
695 1040 777 1101 cleri
805 1044 921 1104 iteratis
949 1046 1214 1121 intcroeasiauibar,

209 1152 345 1229 puteant;
363 1180 407 1189 —
426 1144 506 1224 quod
526 1143 686 1203 'l'redeoim
707 1142 857 1223 Oppidani
884 1146 1051 1207 Acatbolioi
1071 1158 1215 1213 anteana

208 1250 350 1323 inclina,
378 1267 465 1328 qum
492 1244 661 1305 Catholioaa
681 1245 797 1306 aebolaa
819 1247 932 1327 prolem
952 1269 1037 1310 auam
1057 1251 1216 1323 mittebant,

105 1358 110 1365 '
208 1352 297 1413 modo
316 1351 447 1429 priratoa
467 1364 540 1406 auae
559 1352 662 1431 aeone
681 1344 873 1427 Paedngogos
894 1348 991 1424 olant,
1020 1352 1059 1411 ad
1079 1372 1156 1432 quaa
1170 1354 1217 1435 ja-

207 1460 296 1514 rento
316 1448 488 1511 Acatlaoliea
507 1448 658 1507 turmatim
678 1448 818 1521 conlinit,
838 1449 916 1511 ludia
938 1450 1103 1515 Catbolicia
1122 1456 1217 1515 raeuia

207 1554 330 1615 relictia.
373 1550 571 1627 Quamobrem
601 1560 705 1608 contra
731 1550 828 1609 omnia
849 1562 881 1610 et
902 1552 1017 1631 ringula
1037 1554 1133 1631 baec,
1160 1556 1216 1617 Eo-

207 1657 318 1717 cleaiae
344 1649 682 1713 Romano-Catholicae
710 1657 743 1711 et
769 1652 802 1711 in
821 1651 983 1715 Tredeoim
1004 1654 1131 1738 0ppid'u
1150 1656 1218 1719 reli-

206 1758 288 1839 gioni
315 1755 494 1828 dominanti,
531 1771 722 1831 cummopere
751 1755 856 1827 noxia,
884 1755 1004 1817 baereci
1032 1760 1159 1839 propitia
1187 1766 1218 1821 et

206 1860 403 1940 plurimorum
422 1856 575 1916 bominum
594 1854 720 1914 salutem
739 1855 773 1915 in
793 1856 951 1917 discrimen
971 1862 1123 1936 vocantia,
1143 1861 1218 1923 (lou-

206 1961 356 2021 aiatorinm
376 1954 683 2035 Anthi-Episcopale
703 1974 802 2015 coram
823 1957 919 2017 diuina
946 1958 1124 2040 blajeatate,
1154 1962 1217 2043 gla-
1261 1985 1267 1996 ·

205 2062 368 2123 rioaiuaima
387 2060 501 2138 virgine
520 2057 636 2128 Maria,
670 2057 742 2117 item
770 2076 870 2119 corana
889 2058 992 2121 officio
1011 2068 1044 2122 et
1062 2062 1131 2124 looo
1150 2084 1215 2125 cre-

205 2163 291 2225 dibili
311 2161 412 2222 castri
433 2158 635 2219 Sandeocnaia
656 2177 691 2218 ae
710 2176 767 2237 per
791 2158 885 2233 illud,
910 2180 1015 2223 -ooram
1041 2170 1105 2225 tola
1127 2164 1215 2227 Sera·

205 2265 326 2327 munima
344 2261 497 2341 republica
516 2259 630 2319 Polona
648 2266 771 2338 totoque
791 2261 900 2321 maudo
914 2262 1120 2327 intercedebat
1133 2260 1215 2351 (pra-

204 2360 393 2444 teatabatnr).
423 2362 530 2421 Comes
551 2356 646 2420 llriibl
666 2358 781 2419 aoleuni
800 2360 860 2421 bae
879 2366 1068 2425 accusatione
1086 2367 1128 2429 ad
1146 2388 1213 2429 ucu-

204 2488 269 2530 aam
283 2465 437 2527 dicendam
448 2470 633 2542 provocatura,
648 2462 775 2542 prola'so
786 2463 902 2543 antimo
911 2460 1211 2551 (chmtcatutioaa)

203 2570 237 2629 in
259 2568 353 2629 Ebria
379 2564 574 2626 Vorwaicnai
591 2562 742 2636 ecbabto,
769 2583 828 2625 non
858 2564 947 2625 modo
974 2567 1113 2647 querelas
1132 2568 1212 2631 Glari

204 2669 411 2750 Scepuaiensia
433 2666 527 2727 solide
547 2665 727 2739 confutarit,
757 2667 812 2727 aed
833 2666 923 2727 etiam
943 2686 1052 2731 canno
1071 2690 1145 2731 auae
1163 2690 1213 2733 aa·

203 2774 346 2854 quitatem
374 2770 431 2830 toti
458 2765 652 2846 Reipublicae
680 2766 899 2845 comprobavit,
929 2767 972 2829 ita
1000 2776 1035 2829 ut
1054 2772 1211 2835 evidentia-

203 2874 280 2934 aime
298 2872 518 2933 demonstraret
537 2866 781 2926 lntereeasionem
809 2865 986 2929 consistorii
1005 2869 1212 2951 Scepualoaab

203 2980 236 3036 et
254 2972 380 3054 pontion
409 2972 441 3031 in
469 2969 591 3049 negotio
621 2968 772 3046 κϋςίοιιίε
803 2968 892 3028 editis
919 2968 1035 3049 legibus
1056 2978 1090 3033 ct
1108 2993 1212 3055 cupra·

202 3094 269 3135 mae
300 3072 468 3134 auctoritati
498 3088 572 3130 anae
598 3076 631 3129 et
659 3067 824 3147 Pririlegiia
852 3067 1033 3149 duribuaque
1053 3071 1213 3139 Troum

204 3176 425 3256 Oppidanomm
453 3172 602 3233 advocari
631 3176 664 3231 et
688 3170 738 3230 rel
765 3170 822 3230 buo
842 3170 882 3229 de
904 3191 994 3233 canu
1012 3173 1124 3239 nnllam
1143 3192 1213 3243 aa·

201 3278 264 3337 ceri
284 3277 403 3336 debere.
445 3273 619 3333 Adfirmavit
637 3273 801 3352 generatim
818 3272 923 3347 Briilrl,
944 3293 978 3333 ae
999 3292 1099 3355 neque
1116 3278 1213 3357 quaed

202 3376 357 3457 apirituale
377 3374 485 3446 torum,
504 3392 602 3452 neque
622 3393 682 3452 qua
700 3373 866 3453 tenporale
884 3376 1029 3454 regimen,
1049 3376 1081 3435 iu
1096 3376 1214 3441 'l'rode-

201 3478 261 3538 clm
290 3474 416 3555 oppidis
442 3473 593 3552 quidpiam
619 3475 810 3547 Immaturae,
839 3475 918 3554 qnod
947 3494 1016 3537 cnm
1045 3476 1215 3561 Fririlupn'ia

200 3576 454 3657 Evangelioornm
459 3574 619 3635 'l'redeoim
626 3574 847 3654 oppidanorum
859 3576 1089 3639 oouaiatcrcn'ou
1097 3588 1214 3660 μασι.

202 3678 381 3760 specialiter
404 3695 477 3737 vero
504 3677 606 3737 docuit
634 3676 872 3737 Lnbomirakinm
892 3678 1028 3758 quidem,
1054 3678 1216 3747 lliaaidea-

200 3782 276 3841 tium
295 3781 328 3840 in
354 3777 479 3857 lippidla
507 3777 632 3838 laudatio
660 3776 806 3858 Templa,
833 3798 911 3839 anno
939 3779 1022 3841 ldtt
1047 3799 1216 3863 occupem

202 3887 234 3942 et
254 3882 285 3943 in
303 3879 508 3941 bliniatrorum
527 3878 638 3951 locum,
669 3877 850 3939 Sacerdotes
870 3878 1215 3949 Romano-catholicon
