2542 4702
407 398 413 413 '
535 390 597 453 lor

464 474 666 495 Η

55 576 85 619 ιιι
110 582 153 625 eo
172 566 266 647 magis
287 564 379 627 noem
399 564 444 625 eis
464 564 598 624 habitum
617 562 655 623 iri
674 560 877 639 confidebant,
898 565 977 643 quod
997 568 1071 647 ipsis

60 657 235 729 alversariis
277 666 501 740 confitentibus,
546 665 652 726 literae
700 662 940 743 Wittnyedianae
979 668 1072 729 inter-

66 774 168 846 cepae
186 771 317 845 fuerint,
346 772 436 851 igitur
456 770 494 827 ab
516 768 662 829 accusatis
683 768 777 827 rideri
798 773 830 828 et
850 768 911 849 legi
932 773 1059 849 nequire

66 866 135 930 rint.
173 870 236 933 Sao
264 871 412 931 Judiciunr
441 870 536 929 bacca
564 888 683 928 reorum
704 874 801 929 semet
821 868 1004 931 delerrdendi
1024 892 1073 934 ra-

67 968 146 1034 tione
163 974 292 1056 rejecta,
320 972 459 1035 Pastores
486 972 543 1031 ribi
573 971 612 1031 de
638 971 833 1033 Procuratore
862 973 934 1033 artis
963 976 1073 1054 perito,

65 1074 113 1149 qui
138 1076 224 1137 morlo
244 1073 361 1155 legibus
382 1074 465 1153 regni
486 1072 685 1154 praescripto,
714 1092 817 1133 eornm
839 1092 957 1135 musam
977 1078 1075 1138 susci-

7 1245 10 1254 ,
62 1184 149 1251 peret
168 1176 395 1249 defendendam,
415 1176 588 1255 prospicere
596 1174 760 1256 jusserant.
804 1172 939 1250 Quaesiti
954 1178 1073 1256 quidem

60 1272 178 1341 firmat
198 1296 355 1339 causarum
376 1276 513 1349 Patroni,
545 1277 599 1335 scd
620 1277 728 1355 partim
748 1275 891 1355 qnod-
912 1278 998 1357 culpa
1018 1298 1075 1359 po-

59 1376 206 1441 tissimum
225 1378 391 1457 Biraonyi,
412 1379 462 1456 qui
484 1396 586 1437 eorum
607 1376 783 1453 nonnullos,
813 1382 847 1439 nt
867 1376 1072 1459 Fabricayurn,

56 1472 265 1561 'l'iilrblyanum
283 1479 473 1539 Causidicum
494 1478 645 1557 negotium
671 1477 827 1538 Pastorum
848 1480 1002 1559 suscipere
1022 1501 1075 1543 re-

54 1581 115 1642 tuit
143 1614 190 1627 -
230 1581 304 1642 nulli
334 1581 461 1641 Inveniri
490 1581 656 1659 potuerint3
696 1580 802 1658 partim
833 1580 911 1659 qnod
943 1584 1075 1645 nonnulli

54 1676 199 1745 Pastores
220 1685 315 1744 minus
337 1682 501 1742 consultum
523 1681 692 1742 censuerint
712 1681 782 1755 lite,
804 1700 870 1741 cnm
885 1680 978 1763 Regis
989 1682 1075 1745 Prin-

54 1782 194 1866 cipiaque
225 1784 388 1845 Causarum
417 1783 546 1843 Patrono
576 1801 686 1861 agere,
718 1784 913 1843 ‹leererenrnt
944 1785 1076 1847 breviter

54 1886 174 1967 scripto
195 1886 358 1957 declarare,
379 1906 413 1945 se
434 1893 514 1945 teste
535 1884 592 1943 aleo
613 1884 745 1943 insontes
764 1902 841 1958 csse,
862 1885 1076 1967 integritatem·

56 2001 119 2061 que
140 2008 225 2049 suam
246 1989 335 2047 etiam
352 1985 547 2067 jurejurando
569 1983 762 2062 comprobare
782 2003 891 2064 posse;
919 1994 1008 2067 atque
1028 1990 1075 2049 in-

55 2100 154 2166 super
175 2090 213 2150 ad
228 2088 375 2167 Principis
391 2088 513 2148 tutelam
534 2093 566 2145 ct
577 2086 770 2165 patrocinium
789 2087 949 2166 appellare.
991 2090 1076 2151 Haec

57 2202 130 2251 cum
151 2188 201 2253 ali'e
222 2191 352 2251 secunda
366 2189 441 2269 lllaji
461 2190 643 2269 legerentur,
664 2196 818 2249 accusator
831 2190 966 2269 Birsony
979 2184 1076 2252 excla-

55 2295 168 2355 marita
189 2292 358 2370 „Diffidunt
378 2310 484 2351 musac
506 2310 587 2365 soac,
607 2294 679 2370 pcto
699 2288 878 2351 Jnrlicium.“
927 2291 1006 2352 Tum
1026 2312 1076 2352 ac·

10 2383 12 2390 ’
56 2395 266 2469 curatiorem,
305 2393 354 2453 die
384 2392 492 2451 abhinc
522 2392 613 2451 tertio
644 2390 791 2471 prolatam
818 2391 961 2472 repetiit,
994 2394 1076 2455 scida

57 2497 202 2575 nuspiam
228 2499 378 2575 protracta
410 2491 580 2553 Pectoribus
612 2493 777 2572 objiciens,
819 2492 897 2571 quod
928 2493 1076 2554 auditores

57 2602 135 2657 moa
162 2597 201 2659 ad
228 2596 420 2657 rebellionem
449 2602 552 2655 contra
581 2592 760 2668 caesarem,
809 2596 937 2673 publicis
968 2596 1079 2657 habitis

58 2698 250 2759 *eanonicus
272 2696 455 2770 concitariut,
475 2696 633 2775 pecuniam
652 2696 683 2755 in
703 2695 852 2775 stipendia
870 2697 1079 2757 seditiosorum

61 2790 268 2861 urcundum
278 2818 295 2857 a
305 2796 444 2857 Paroecis
461 2798 625 2877 exegerint,
640 2796 851 2869 conventicula,
867 2798 899 2858 in
916 2798 1022 2876 quibua
1039 2798 1078 2858 de

63 2898 155 2964 modo
181 2906 313 2961 motuum
335 2898 552 2973 consultarent,
584 2898 771 2959 celebrarint.
826 2898 890 2957 llas
919 2898 1078 2961 calumnias

69 3003 197 3064 murati
232 3000 412 3061 refellebant
448 3018 501 3074 co,
552 2999 678 3077 primum
716 2998 795 3077 qnod
843 3000 961 3059 omuino
1006 3000 1079 3059 nulli

72 3094 162 3165 luter
182 3102 318 3183 produci,
338 3098 475 3178 nullaque
497 3104 683 3178 argumenta,
705 3099 809 3176 quibus
831 3099 941 3159 crimcn
962 3100 1080 3161 evinca-

12 3204 153 3300 letor
171 3202 284 3265 adferri
305 3202 438 3282 possint,
470 3200 578 3259 deinde
600 3200 678 3278 quod
699 3200 849 3259 auditores
881 3219 950 3260 snos
971 3201 1009 3260 ad
1030 3221 1080 3260 so-

85 3298 208 3367 cientem
228 3311 360 3365 motuum
380 3302 493 3361 frustra
513 3302 686 3362 concitaturi
707 3300 854 3376 luissent,
885 3321 952 3360 cum
973 3303 1009 3362 iis
1037 3334 1080 3347 -

13 3371 181 3503 :Quippe
199 3407 383 3486 reipublicae
404 3403 562 3463 Polonicac
583 3404 737 3483 subjectis,
761 3405 815 3463 aab
837 3403 922 3483 cnjus
944 3403 1082 3465 clientela

86 3504 168 3571 adbuc
187 3507 344 3587 tranquille
364 3505 529 3584 Privilegiir
551 3505 663 3564 criticis
691 3504 737 3563 usi
757 3503 900 3577 luissent,
931 3505 1012 3565 nullo
1032 3524 1083 3565 re·

13 3364 48 3938 Ξ]
85 3610 192 3675 brlllunr
212 3609 376 3695 patrocinio
405 3613 605 3687 egentes—
636 3624 703 3665 cum
725 3603 854 3665 Caesare
874 3604 950 3665 nibil
970 3606 1010 3666 sit
1029 3624 1082 3666 ne·

14 3752 20 3773 ,
81 3714 163 3799 galil,
191 3720 255 3773 tum
277 3711 354 3790 quod
375 3708 534 3769 Districtns
555 3706 750 3767 Libloviensis
771 3724 832 3765 non
852 3705 946 3765 solum
968 3705 1084 3767 Trada-

80 3816 132 3881 cin
152 3812 269 3894 Oppida
291 3812 454 3883 contineat,
476 3808 531 3867 sed
551 3812 583 3867 et
602 3800 674 3867 alias
693 3806 834 3867 Civitates
854 3824 1023 3886 pagosque,
1050 3806 1082 3865 in

77 3918 180 4001 quibua
199 3914 304 3975 Patres
325 3911 442 3971 Piarum
463 3908 638 3969 Scholarum
668 3912 700 3967 et
719 3907 842 3967 Flebani
863 3907 1009 3968 Catholici
1030 3907 1083 3967 de

73 4022 167 4103 gunt,
187 4016 248 4097 qui,
267 4016 294 4075 ai
313 4032 416 4075 rerum
436 4017 519 4073 osset
538 4009 762 4089 conspirationis
782 4008 973 4089 figmentum,
993 4008 1082 4069 etiarn

843 4108 883 4169 ll
