2544 4694
537 392 742 487 ER...

132 560 280 623 mmm
312 580 434 625 muln.
456 561 591 627 semro
625 562 665 625 ι..
684 562 736 624 ιι.
764 562 839 625 ιιι.
868 562 952 626 rosa
979 540 1156 644 apuam.
1233 514 1239 525 “

131 663 180 725 llo
200 662 326 725 Seniore
344 663 571 743 Hoasnuthdtyo
602 665 632 726 d.
659 665 711 725 18.
733 665 806 727 Deo.
837 666 921 727 1647
951 672 1084 742 mortuo,
1115 666 1155 729 iu

132 763 304 847 Prscpositl
317 764 461 845 dignitate
474 767 621 828 successit
635 750 959 847 Matthias'l'aruocsy,
978 767 1148 848 Episcopus

129 864 353 940 Granadiemia,
368 866 424 945 apul
445 866 474 925 d.
495 865 526 927 3.
547 866 624 947 Aug.
637 868 730 929 ’1648
749 867 914 948 Praepositi
933 868 1038 929 sedem
1058 885 1147 929 occu-

124 966 222 1049 parit.
263 967 343 1029 Huic
364 984 404 1029 nc
429 987 538 1029 census
569 970 784 1031 cathedraticos
807 969 944 1044 daretur,
973 988 1057 1030 nevo·
1075 987 1146 1031 seso

126 1068 271 1131 huores
291 1066 460 1131 Tredccim'
474 1069 623 1150 Oppidani
643 1073 836 1152 subjicerent,
858 1072 1028 1151 Stephanus
1050 1070 1146 1132 ahu-

127 1170 244 1247 bom,
263 1168 445 1233 Luborsecki
466 1170 757 1251 Vico-Cupitaneua
779 1175 939 1253 prohibuit.
967 1173 1057 1234 Brevi
1078 1177 1149 1252 post
1218 1154 1221 1163 ι

128 1262 422 1353 lpso'l’raepastaus,
444 1273 570 1349 Seniori,
592 1294 680 1354 quem
701 1276 915 1348 arcessiverat,
947 1275 1145 1354 exprobravit,

131 1374 217 1455 quod
234 1375 346 1436 tamdiu
367 1393 402 1435 sc
421 1375 541 1435 visitare
562 1375 736 1455 neglexerit.
790 1374 875 1435 Cum·
894 1375 1002 1437 Senior
1019 1375 1146 1454 culpam

129 1475 165 1536 in
193 1472 287 1539 Vlce-
304 1474 497 1554 capitaneum
530 1477 741 1561 detorquereta
780 1477 970 1555 Praepositus
1000 1478 1146 1555 reposuit,
1232 1502 1235 1521 ι

129 1574 428 1657 Vico-Gepitsneum
455 1579 590 1641 omnibus
610 1580 819 1653 renunciasse,
841 1598 918 1658 quae
939 1580 1008 1640 'ante
1028 1575 1146 1639 'Prode-

127 1678 204 1743 ciur-
219 1677 403 1759 oppidorum
430 1677 599 1740 Pastorilrus
627 1680 852 1740 intentaverat·
882 1679 991 1741 Postea
1011 1678 1145 1759 acceptis

125 1778 304 1841 muneribus
332 1798 418 1839 sunm
448 1779 645 1859 patrocinium
666 1786 697 1840 et
718 1780 846 1840 animum
865 1799 1046 1860 propensum
1065 1779 1145 1842 ultro
1210 1820 1214 1827 »

216 1982 398 2044 Windischio
425 1980 538 2042 clavum
566 1980 774 2045 Fraternitatis
795 1988 929 2063 gerente,
950 1983 1144 2065 Magistratus

129 2085 288 2150 rumam
308 2082 485 2163 imperavit,
514 2100 553 2143 na
573 2081 733 2144 meream
763 2064 926 2164 oppidani
941 2081 1080 2147 raom
1110 2086 1145 2147 ιι

129 2188 260 2253 dicendo
280 2204 336 2267 pro
365 2184 509 2245 concione
536 2185 636 2245 durium
658 2186 896 2265 perstringerent
924 2184 1145 2249 Romano-(la-

128 2288 275 2362 Meos,
297 2304 374 2347 nevo
394 2304 446 2345 cos
468 2283 603 2364 Papisius
631 2284 687 2347 scd
712 2284 896 2347 adversarios
917 2307 986 2349 suos
1013 2289 1145 2349 nomina·

128 2394 209 2471 rent.
257 2386 446 2449 Windisch
436 2405 503 2466 ipsc
531 2391 564 2445 et
583 2384 764 2448 Pcschorius
793 2390 923 2449 accusati
944 2410 962 2450 a
982 2388 1143 2466 malevolis,

130 2491 212 2575 quad
230 2466 329 2583 legem
358 2489 439 2549 iilam
467 2487 656 2562 violaverint,
677 2490 1059 2568 gravitcrmulctalrantu13
1090 2491 1143 2553 illo

130 2599 252 2657 emtum
267 2592 376 2666 aureis,
396 2590 428 2651 iu
448 2590 554 2669 qulbus
577 2589 763 2651 exsolvendis
784 2591 859 2651 alma
871 2591 1054 2654 Fmteruitas
1074 2612 1143 2655 eum

128 2696 262 2779 quinque
281 2693 378 2755 aureis
396 2692 490 2772 juvit3
512 2692 562 2751 hic
584 2696 702 2752 contum
722 2691 859 2754 Florenis
880 2692 1046 2770 Fulminis,
1067 2713 1142 2774 quo-

88 2872 91 2877 ,
128 2816 197 2861 rum
216 2796 456 2876 quinquennum
476 2792 636 2853 Florenum
658 2793 838 2855 alliciebant.
895 2794 1022 2856 Omnino
1043 2801 1143 2858 autem

129 2898 192 2961 lanc
210 2904 346 2977 tempore
367 2894 522 2975 Capitanei
542 2902 573 2957 et
594 2893 851 2975 vice-Capitonei
867 2895 1028 2961 Tredcclm
1049 2896 1143 2980 Oppi-
1171 2928 1173 2933 v

130 2998 252 3075 dorum,
281 3002 460 3078 potestatem
486 3014 570 3057 suam
599 2996 631 3057 in
650 2996 803 3073 Ecclesias
824 3015 982 3077 earumque
1002 2997 1141 3061 Pastores

127 3102 163 3165 iu
182 3101 248 3164 dies
267 3099 394 3179 amplius
415 3098 622 3172 extendebant,
640 3098 762 3178 jamque
782 3099 881 3178 ipsum
902 3118 1019 3179 qnoque
1038 3097 1141 3161 Patro-

128 3208 218 3265 raatns
237 3199 312 3275 Jns,
340 3218 399 3279 quo
416 3197 536 3279 oppida
555 3199 739 3274 gaudebant,
770 3200 889 3279 saepius
915 3199 1141 3265 nomentana

127 3302 330 3367 litenim'nou
351 3299 446 3361 solum
466 3297 607 3375 Weisaii,
637 3299 871 3379 Popradensium
892 3300 1024 3364 Pastoris
1044 3299 1142 3365 Voca-
1209 3346 1211 3351 ,

90 3436 93 3443 ·
128 3406 243 3469 tioncm
270 3403 498 3483 impugnarunt:
534 3400 589 3463 aed
619 3408 650 3463 et
677 3400 923 3465 lluraudiviliauis
952 3404 983 3465 in
1009 3404 1141 3467 vocando

126 3513 200 3590 post
219 3503 385 3566 Pdemanni
411 3509 554 3579 mortem,
584 3522 660 3563 novo
684 3502 828 3577 Pastore,
859 3503 1069 3585 impedimenta
1088 3506 1142 3567 cd·

125 3606 272 3673 tulerunt.
395 3614 399 3623 '

212 3710 267 3772 41.
297 3708 478 3770 Matthaeus
505 3706 582 3782 Viti,
609 3707 714 3770 Pastor
735 3707 919 3784 Lilricensis,
940 3708 970 3770 d.
993 3708 1043 3772 ln
1063 3707 1141 3773 Non.

127 3810 213 3875 1⁰61
236 3813 267 3873 in
289 3809 527 3891 congregatione
546 3808 812 3871 Mcnhardivillana
833 3810 940 3872 Senior
959 3817 1087 3873 creatus.

213 3913 267 3976 42.
291 3911 335 3974 Μ
356 3912 491 3973 hunnos
519 3910 684 3984 Wandiscls,
704 3909 888 3973 Varaliensia
907 3910 1023 3989 Pastor,
1043 3913 1075 3977 in
1094 3912 1141 3975 lo·

125 4034 197 4079 cnm
217 4013 281 4078 viat
309 4013 339 4075 d.
369 4013 421 4074 19.
449 4011 524 4074 Nor.
553 4010 640 4074 1654
667 4012 836 4091 Quintoiori
868 4013 1051 4096 subrogatos.
1092 4015 1141 4079 ita
