2544 4694
612 394 675 459 lte

543 483 745 497 Μ

134 585 248 646 suaque
275 564 388 626 nitendi
413 565 626 646 persuasione,
657 584 735 628 suno
764 564 848 629 loos
873 568 1084 633 concorditer
1104 588 1169 631 oon·

134 670 303 741 stituerunt,
323 686 379 742 „se
399 668 430 727 in
452 666 650 729 confessione
664 668 855 748 Angustanae
867 686 1017 751 congrus,
1042 670 1171 733 nLeore

133 771 229 831 irsrdo
250 770 416 845 Stbcireiio,
447 770 641 850 Bartpbensi,
663 771 792 833 Schoiae
807 773 921 852 patriae
944 774 1069 836 Satoue
1092 774 1168 855 ojus-

133 892 193 953 qne
214 873 252 932 sb
274 892 321 933 on.
343 871 566 934 loto-loct
587 872 738 949 Rectore,
763 892 819 954 pro
850 874 994 955 Quinque
1031 875 1166 938 ciunt

133 976 189 1037 bus
221 974 340 1035 Liberis
370 964 535 1055 Regiisque
569 975 741 1056 Superioris
770 975 945 1056 Hungarise
977 980 1166 1059 conscripta,

134 1096 221 1157 qoam
242 1076 407 1157 Imperator
427 1084 459 1138 ct
478 1077 545 1138 Rex
566 1076 772 1139 Ferdinandus
792 1078 937 1159 probavit,
960 1078 1166 1160 sdquictcerc

132 1178 242 1239 t·eiie.“
282 1178 330 1240 Ab
351 1196 388 1239 eo
406 1182 542 1259 tempore
561 1180 679 1259 integro
700 1178 802 1239 seculo
822 1177 901 1240 XVI.
921 1198 1086 1261 prospera
1106 1181 1166 1263 ple-

131 1299 258 1360 rumque
287 1287 371 1342 sorte
403 1281 451 1340 usi
476 1286 546 1341 sunt
587 1279 749 1341 'ibedecim
789 1279 946 1365 Oppidani
971 1281 1166 1365 idvengeiisb

131 1381 208 1444 Nam
229 1383 255 1443 si
285 1401 362 1462 qnae
391 1382 543 1461 religionis
564 1400 653 1442 cauas
673 1383 747 1463 ipsis
768 1382 919 1444 interdum
940 1384 1166 1464 impendebant

131 1483 283 1565 pericula,
309 1484 385 1544 baec
406 1502 474 1545 mox
494 1482 667 1563 prudentia,
696 1502 765 1545 mox
786 1485 907 1545 eudocia
928 1504 1022 1571 soa,
1044 1476 1166 1549 ande

130 1587 248 1649 buntur.
290 1583 338 1647 bie
365 1586 445 1645 enim
472 1584 627 1663 Synodus,
659 1605 717 1667 per
743 1586 950 1667 Praepositum
971 1588 1166 1669 Scepusim

131 1708 206 1762 scm,
229 1687 407 1769 Gregorinm
428 1678 653 1763 Bornemisszo,
674 1688 706 1747 in
726 1686 911 1749 Dominicam
931 1688 1079 1751 iubiiste
1101 1691 1167 1753 anni

131 1789 217 1851 15oe
235 1787 360 1864 indicta,
382 1790 420 1849 iis
442 1789 594 1869 quidpiam
611 1806 731 1849 noxae-
747 1788 896 1864 sdiarret,
923 1789 1086 1868 Symboio
1102 1808 1178 1873 prr.

130 1891 320 1958 Valentinum
351 1890 549 1971 Megandrum
577 1890 786 1970 lgiociominm
813 1897 846 1952 et
874 1888 1044 1970 cyrineum
1066 1894 1167 1957 obse

129 2013 239 2078 paeum
267 1990 484 2055 Vimiiensium
514 1990 670 2055 Pastorem
692 1993 877 2072 conscripto,
905 2013 924 2053 o
953 1992 1168 2059 confessione

131 2098 270 2176 Quinque
291 2095 467 2155 Liberarum
487 2093 645 2156 (licitatum
665 2094 781 2169 serbis,
802 2113 862 2155 non
883 2097 1040 2157 sententia
1060 2099 1166 2160 diver·
1206 2125 1208 2137 ¹

130 2220 184 2276 so,
213 2217 283 2260 sese
303 2197 559 2278 praemuniebant.
601 2196 703 2258 Edicti
729 2216 803 2257 cero
824 2195 1027 2259 Merimiiiani'
1042 2200 1088 2262 il.
1112 2200 1167 2263 iur-

129 2302 276 2385 peratorin
296 2306 401 2361 contra
420 2298 691 2373 sacramentarios,
710 2299 838 2359 Arianos
864 2304 897 2359 et
915 2298 1011 2378 hujus
1033 2304 1167 2381 generis
1202 2296 1208 2385 ’ἑ

129 2404 299 2467 haereticos
326 2402 396 2477 loti,
425 2408 514 2481 atque
544 2400 658 2482 Viginti
679 2401 813 2477 Quatuor
833 2400 994 2480 Regniium
1014 2400 1168 2477 Plebsnb
1202 2432 1206 2437 ·

127 2507 181 2583 die
199 2506 251 2567 to.
272 2504 345 2565 Nor.
369 2501 451 2564 loto
471 2504 503 2564 iu
524 2502 662 2584 capitolo
679 2503 903 2583 -Seopusiensi,
921 2520 994 2591 per
1007 2503 1167 2589 ¹Praepo-

129 2610 222 2671 situm
242 2605 437 2687 promrdgati,
460 2610 597 2684 tauquam
617 2604 686 2666 ilios
706 2624 766 2666 nou
786 2605 1013 2681 concernentis,
1048 2608 1165 2671 nulls!

129 2709 248 2790 experti
266 2712 336 2769 sunt
355 2707 472 2769 nomam
492 2707 552 2767 vim
573 2713 604 2768 et
632 2707 852 2769 efficacitatem.
891 2706 1036 2768 Eundem
1071 2709 1163 2773 Pne-

128 2812 261 2894 positnm
285 2808 524 2884 confirmantem,
555 2828 589 2869 se
610 2829 628 2870 a
648 2808 734 2889 Rege
755 2809 926 2889 Hunguriae
946 2802 988 2868 in'
1000 2807 1161 2875 Mendetis

129 2912 301 2992 accepisse,
323 2916 357 2971 nt
377 2909 546 2986 Perochos,
567 2911 619 2990 qni
638 2928 698 2970 non
719 2906 894 2989 aiegitimis
911 2908 1088 2991 Episcopis
1104 2914 1162 2975 llo·

22 3078 26 3087 ,
129 3012 409 3077 mano-Catholicis
441 3012 562 3072 ordines
591 3030 700 3072 socros-
723 3013 943 3091 suscepissent,
975 3010 1041 3072 rel·
1065 3017 1161 3078 solnm

129 3122 265 3193 vertere,
286 3114 336 3174 cel
355 3115 531 3195 religionem
557 3112 907 3175 nomano-carnotinam
934 3114 1090 3194 ampiecti
1114 3120 1163 3201 j.-

130 3219 235 3294 beret,
265 3216 399 3278 collectis
431 3234 508 3275 annm
529 3213 612 3275 1582
634 3212 735 3276 corais
754 3214 965 3296 quinquaginta
986 3216 1162 3295 pineus-unt

31 3314 39 3331 “
131 3320 319 3400 importunae
340 3318 470 3397 denique
490 3316 689 3379 sollicitationi
717 3316 839 3378 Jmnnis
860 3315 1071 3397 Vdraiienois,
1088 3322 1162 3385 *Ge

131 3420 242 3483 nebulis
264 3420 399 3501 Capituli·
413 3420 621 3501 Scepusiensie
638 3419 759 3494 vicarii,
781 3425 815 3479 ut
835 3418 894 3479 oiei
915 3422 1051 3482 unctorii
1073 3442 1164 3487 um

133 3524 164 3587 in
196 3522 341 3602 Templis·
359 3526 391 3583 et
423 3522 516 3582 sacris
547 3520 610 3582 suis
638 3516 831 3603 adoptarent,
859 3519 1165 3615 incongregatione

134 3624 306 3703 Quintoiori
325 3643 375 3684 an.¹
395 3621 479 3685 1585
507 3623 674 3700 celebrata,
707 3640 767 3684 non
796 3622 863 3683 sine
883 3618 1165 3702 mommoreto-

133 3729 288 3793 stiterunt·
864 3771 868 3777 -

220 3829 283 3891 Sed
304 3847 364 3909 qno
383 3827 508 3891 laetiora
536 3827 720 3889 incrementa
737 3839 834 3888 'mora
861 3833 1024 3907 repurgata
1057 3832 1167 3897 min

135 3929 216 3995 xvi.
244 3933 275 3992 in
306 3930 464 3992 'l'redecim
496 3929 623 4010 oppidis
644 3928 818 4010 capiebant,
846 3932 929 3989 tanto
956 3930 1087 3996 tristior
1107 3936 1167 3999 fut

134 4031 352 4108 i’arochorum,
372 4050 497 4113 numum
515 4030 662 4094 reditibus
682 4029 812 4111 undique
835 4029 1022 4108 initiabatur,
1039 4034 1080 4099 in
1103 4036 1167 4119 (tp
