2542 4702
604 376 671 441 289,

107 546 173 607 'illi
194 546 247 627 qut
267 544 577 627 obligationa'vleudi
597 549 852 630 ludimagistrum
873 547 1150 631 Romen-Orthe

124 648 219 709 licam
237 655 324 711 eraut
354 650 467 733 solutis
499 651 548 711 vel
580 652 618 713 ad
649 653 871 732 suscipiendum
901 650 1152 733 ludimagistrum

124 750 271 831 propriae
302 749 508 813 Cairiessiouis
541 752 621 833 atligi
648 752 696 813 vel
724 753 762 814 od
782 754 1014 815 introducendas
1043 754 1151 821 mixtas

124 850 255 913 Scholas
276 852 461 913 exstimulat-i
476 854 669 933 jubebantur.
702 854 846 916 lntimatis
867 855 954 917 hisce
972 855 1150 915 convenen-

123 962 179 1017 ter
209 952 390 1013 andscus
422 953 581 1033 Kouincay,
611 954 724 1035 Regius
755 956 931 1017 Scholarum
950 955 1150 1017 Nationalium

123 1074 185 1137 per
196 1054 370 1117 Districtum
390 1053 614 1129 Cussovienseup
628 1056 793 1136 lnspcctor‚
815 1077 861 1118 an.
880 1058 962 1118 1787
977 1063 1010 1118 et
1023 1077 1150 1143 sequen-¹

126 1157 214 1219 tibus
235 1158 267 1219 in
288 1156 451 1227 Tredecim
479 1155 606 1237 Oppidis
637 1158 762 1218 Scholas
788 1159 951 1219 sationales
978 1160 1085 1219 mutos
1105 1160 1151 1221 in·.

124 1259 293 1321 traducere
322 1259 473 1333 tentabat,
505 1260 559 1319 sed
588 1270 695 1321 eventu
716 1262 810 1320 minus
832 1280 987 1340 prospero.
1029 1260 1149 1325 Etenim

122 1360 250 1422 nonnisi
271 1361 328 1421 tuis
349 1358 465 1440 Oppida
485 1392 526 1405 --
550 1360 629 1422 Villa
650 1360 772 1436 Latino,
793 1360 896 1421 Libica
917 1367 949 1422 ct
966 1360 1057 1423 Mons
1074 1361 1149 1441 San·

122 1463 171 1525 ω’
194 1460 320 1541 Georgii
339 1494 383 1507 -
403 1463 435 1522 iu
457 1461 692 1542 conjunctionem
713 1463 826 1523 barucce
848 1468 1070 1541 consenserunt.
1088 1504 1091 1509 -

174 1612 177 1617 .
220 1561 362 1623 Ceterum
384 1563 516 1643 quamvis
538 1561 665 1625 Scholse
679 1560 925 1643 Evangelicorum
941 1565 975 1631 in
989 1562 1150 1637 Tredeclu

127 1663 261 1746 oppidis
291 1664 329 1725 ab
356 1663 503 1744 adaptis
535 1683 611 1724 anno
641 1665 724 1725 1674
752 1664 905 1744 Templis,
917 1671 949 1731 et
963 1664 1149 1727 zPostoribu's

126 1765 238 1829 exsilio
267 1764 433 1840 mulctatis,
461 1784 556 1849 usque
585 1764 623 1824 od
643 1765 741 1845 legem
762 1758 1046 1845 religionsriam'an.
1064 1766 1148 1846 ltop

126 1868 237 1942 hum,
258 1866 378 1946 saepius
399 1852 603 1941 turbarentur,
630 1885 752 1945 prorsus
774 1872 872 1927 tamen
890 1885 1041 1946 nunqnam
1063 1874 1149 1928 erant

126 1969 274 2033 sublatae.
302 1968 423 2029 Etenim
443 1968 639 2029 severissimis
660 1966 809 2029 Mandotis
832 1974 863 2028 et
884 1969 1063 2045 interdictis,
1085 1970 1148 2048 qui-

106 2112 109 2117 ·
127 2072 188 2133 bns
202 2069 359 2130 Nostrates
377 2068 495 2129 Scholia
513 2069 755 2146 prohibebantur,
777 2071 1042 2143 nonobstantibus,
1064 2069 1150 2150 plura

128 2171 242 2253 oppida
261 2171 320 2230 hoc
339 2170 493 2229 minimum
513 2170 693 2231 beneficium
714 2154 877 2243 habebunt,
909 2172 987 2251 quod
1018 2173 1150 2233 forman·

128 2274 189 2335 dne
209 2274 242 2332 iu
264 2270 381 2332 Scholia
397 2271 560 2351 Oppidanis
576 2271 701 2351 publicis
716 2273 1037 2353 juventutipllocentes
1051 2274 1149 2336 Evau-

126 2376 239 2459 gclici,
269 2393 394 2454 quorum
416 2374 601 2435 institutione
624 2375 766 2455 juventus
799 2376 969 2457 evangelion
1001 2376 1150 2451 utebatur,

126 2476 246 2539 tuerint
265 2476 386 2536 admoti.
417 2474 486 2535 Alio
506 2481 607 2536 eutem
629 2476 745 2555 Oppido
766 2478 825 2538 non
847 2478 1033 2541 obstantibus
1053 2476 1149 2539 luter-

127 2580 240 2655 tlictis‚
270 2576 450 2658 Magistratu
471 2576 552 2636 civili
572 2577 767 2653 connivente,
797 2579 915 2641 alebant
935 2579 1165 2659 Praeceptores'

127 2680 227 2763 prolis
248 2698 337 2754 suae,
359 2678 440 2758 quod
459 2677 509 2738 vel
530 2697 567 2738 ex
586 2679 697 2740 crebris
712 2680 790 2741 hunc
803 2682 834 2741 in
845 2702 910 2742 rem
924 2681 1047 2761 prolatis
1068 2681 1151 2743 Cleri

128 2781 324 2863 querimoniis
342 2785 433 2859 potet,
457 2778 552 2859 qualis
573 2798 599 2838 v.
622 2800 648 2839 c.
670 2780 727 2841 fuit
747 2782 868 2861 querela
888 2782 1055 2863 Praepositi
1075 2785 1148 2845 Sce-

127 2882 283 2965 pusiensis
303 2880 690 2960 AlonMattyasaowszkpn‘,
714 2884 765 2960 qui
779 2883 973 2965 Evangelicos
990 2885 1151 2947 Tredecim

131 2984 310 3066 Oppidanos
331 3000 408 3043 anno
431 2979 515 3042 1695
536 3000 636 3042 coram
663 2982 872 3045 Luuomtrskio
901 2993 1038 3063 accusot,
1071 2988 1150 3068 quoti

128 3084 294 3147 haereticis
321 3083 587 3164 Ludimagistris'
577 3102 610 3143 ln
638 3085 801 3173 erudienda
825 3086 984 3166 inventute
1012 3094 1151 3197 utentum

127 3186 205 3249 item
224 3184 356 3261 ΖΜιΗί,
374 3185 426 3265 qui
447 3183 552 3247 endem
573 3184 613 3245 de
633 3205 721 3249 causa
742 3187 772 3245 d.
793 3184 824 3247 b.
838 3186 927 3253 Febr.
950 3182 1082 3253 loto.
1050 3166 1150 3255 contis

123 3286 250 3349 Judioio
272 3286 365 3347 castri
384 3285 582 3347 Srndecensis
603 3286 782 3347 intercessit
832 3286 994 3353 Praeterea
1017 3295 1150 3373 quuuvit

123 3386 321 3470 generalibus
347 3386 464 3449 Edictia
491 3385 652 3447 Tredecim
681 3387 829 3468 Oppidani
852 3390 970 3453 Scholis
990 3395 1151 3458 interdice-

122 3497 254 3553 rentur-s
273 3495 373 3553 tamen
394 3489 541 3551 uonnvnlis
564 3490 729 3570 Oppidius
756 3492 824 3571 lege
844 3494 1005 3556 universim
1025 3497 1151 3561 valitura

126 3593 275 3668 wemno,
305 3591 393 3653 venie
422 3589 548 3652 naboon
580 3591 705 3653 Scholas
736 3595 874 3674 proprius
894 3596 1070 3675 inducendt3
1091 3620 1152 3681 quo

127 3694 236 3756 lavore
256 3693 441 3755 'lbeovlorus
469 3694 680 3756 Constantinus
706 3693 899 3759 Lubomirsli
916 3698 1099 3781 {glovieum
1119 3709 1152 3767 at

127 3795 277 3857 Belenses
299 3792 391 3879 (anno
413 3790 510 3877 ml)
536 3798 803 3858 ornavit·
1009 3828 1012 3835 ·

217 3898 448 3959 Acondita-
467 3896 515 3957 vel
535 3901 698 3959 instaurata
721 3900 888 3977 potius-
907 3918 955 3962 an.
977 3900 1063 3985 ltus
1081 3834 1152 3987 lege

121 3997 330 4079 religionano,
351 4018 410 4079 qua
428 3997 617 4094 Evrngebcis
638 3998 758 4078 plenum
778 4000 952 4097 Sclsclasum
969 4004 1023 4084 joa
1042 4006 1150 4071 tribut-
