2544 4694
536 360 736 452 .--Ε-

214 527 328 592 Verum
348 529 405 591 alia
426 547 462 590 ex
483 534 569 609 parte
589 530 769 611 aequitatem
788 550 874 593 susm
891 531 983 593 etiam
1002 532 1039 593 in
1057 530 1161 597 Evau-

128 630 241 712 pallcos
260 636 425 693 tentaturus
447 630 525 707 lies,
545 630 683 694 lntimato
712 632 741 691 d.
764 631 816 693 18.
838 631 906 695 Oct.
930 634 1021 695 lton
1050 637 1161 713 sanxit,

129 737 163 794 ut
181 732 353 814 Evangelici
380 752 418 793 en
447 733 569 795 aerariis
600 734 754 813 oppidanis
774 732 875 796 habita
895 736 1016 797 satione
1037 739 1161 801 numeri

128 834 291 895 incolarum
312 836 339 896 si
359 837 431 915 quid
451 836 565 896 residui
586 843 705 911 manet,
737 837 768 896 in
790 838 956 921 subsidium
978 830 1160 919 Stipendie

129 954 195 997 rum
216 936 344 998 Scholae
364 938 536 999 docentibus
558 937 777 1019 largiendorum
798 945 914 1019 partem
935 942 1076 1019 capiunt.

214 1036 361 1118 Spatcmc
400 1038 583 1100 Studiorum
613 1059 670 1120 pro
700 1039 1032 1102 Romano·catholicis
1070 1062 1158 1123 prac-

129 1139 283 1219 scriptum,
304 1140 371 1201 Rex
391 1141 528 1203 intimato
548 1142 694 1221 septimae
713 1142 840 1221 Augusti
861 1162 887 1202 a.
903 1142 988 1203 18οἴ
1010 1144 1158 1207 etiamis

129 1238 249 1303 Scholia
274 1243 400 1322 Augnmt.
430 1249 462 1304 et
486 1242 663 1305 Helvetidae
689 1241 778 1303 corni.
806 1243 927 1303 Addict
963 1276 1011 1291 -·
1058 1244 1158 1309 demta

128 1343 281 1425 religionis
310 1344 446 1406 doctrina
474 1375 518 1391 ·-
557 1344 705 1406 introduci
735 1344 838 1405 soluit.
899 1345 961 1406 Sed
992 1350 1158 1427 postquam

129 1445 186 1507 sibi
229 1447 430 1526 persuasisset
466 1446 695 1527 postulationem
727 1447 805 1508 lianc
833 1445 910 1527 Legi
938 1447 1158 1527 religieuasdaa

129 1566 315 1628 repugnare,
337 1548 375 1609 sb
389 1567 426 1609 ca
440 1552 548 1635 sponte
568 1568 623 1611 sua
636 1549 764 1611 recessit
784 1554 874 1628 atquc
894 1549 1038 1611 lutimato
1059 1566 1159 1613 nouae

128 1648 195 1710 dau.
217 1650 301 1711 1819
320 1644 517 1729 Evangcllcca
548 1651 580 1711 iu
601 1648 831 1712 coordinatione
861 1651 906 1711 rei
927 1670 1002 1712 suaa
1027 1650 1157 1715 Salsala

129 1751 223 1812 sticae
234 1751 484 1832 institutionisque
499 1752 586 1813 modo
597 1753 676 1814 altro
692 1752 829 1832 reliquit,
849 1753 880 1812 id
896 1746 993 1817 solum
1005 1772 1156 1833 poscam,

129 1858 163 1913 ut
182 1853 284 1931 queris
310 1854 449 1913 semestri
469 1853 629 1914 relationes
650 1852 689 1914 de
707 1853 920 1935 progressibus¹
939 1853 1155 1921 Studiososu

100 2010 104 2015 .
129 1955 162 2016 iu
187 1954 318 2025 mosibus
338 1961 371 2016 ct
389 1955 501 2031 literis,
529 1956 633 2036 quales
653 1957 768 2018 ratione
784 1956 950 2036 juventutis
974 1955 1154 2033 Catholicae

14 2074 17 2081 ·
129 2061 199 2121 suut
217 2057 434 2137 praescriptae,
467 2058 556 2118 etiam
577 2056 768 2119 Professores
789 2056 967 2119 Scliolarum
987 2056 1154 2141 Esaugdl

130 2174 231 2218 aarum
249 2163 421 2239 praestant3
452 2157 511 2219 alio
532 2165 631 2219 autem
651 2157 787 2219 lutimatc
808 2158 839 2218 d.
856 2158 906 2218 19.
928 2156 1048 2221 lleclar.
1073 2160 1154 2223 18OE
1190 2210 1194 2215 .

58 2304 62 2312 .
128 2260 284 2341 praecepit
303 2258 385 2336 Rex,
414 2266 449 2321 at
468 2259 659 2322 Professores
688 2261 782 2321 nostri
801 2258 1010 2322 Relatiouibus
1035 2262 1091 2327 lais
1106 2284 1154 2327 rc·
1193 2302 1197 2327 2

128 2360 269 2443 ligloucm
288 2362 421 2443 cujusvis
442 2359 577 2423 Studiosi
596 2366 734 2423 accurate
753 2361 894 2423 indicent.
1151 2350 1156 2359 ¹

217 2462 458 2525 Octedrntsonam
487 2482 605 2544 quoqne
625 2463 816 2525 Examinum
837 2469 871 2524 ct
891 2470 1018 2544 ternpus
1044 2466 1156 2529 Foris·

131 2582 200 2626 rann
223 2563 486 2626 scholasticarum
504 2564 571 2626 lter
592 2564 727 2627 lutimsto
748 2566 809 2627 diei
828 2564 881 2627 25.
900 2564 972 2626 dulii
992 2586 1049 2629 au.
1071 2570 1155 2633 l*

129 2667 172 2728 lta
192 2667 404 2747 praescripsit,
439 2673 475 2728 nt
493 2665 637 2728 Examina
667 2666 787 2748 quidem
807 2668 958 2728 mansibus
979 2666 1108 2735 Mauo
1128 2680 1155 2735 ct

131 2768 266 2851 Augrrsto
293 2769 398 2831 haberi
421 2768 561 2850 juberet,
592 2768 691 2831 Feriis
717 2774 817 2829 antem
838 2767 1039 2833 Scholasticis
1070 2794 1154 2837 meu·

130 2888 195 2933 scm
223 2870 424 2951 Septembrim
453 2877 490 2933 ct¹
516 2868 669 2933 Octobrlm
699 2871 886 2951 cougnon,
917 2871 985 2931 anni
1019 2875 1155 2959 deuiqaa

131 2971 308 3035 Scholastici
328 2973 453 3048 initium,
474 2975 505 3033 in
524 2990 659 3034 mensem
670 2970 860 3032 Novcmlrrim
879 2973 1038 3037 ineuntem
1055 2983 1155 3041 tram·

82 3065 86 3069 ’
130 3073 237 3136 ferret.
277 3072 341 3135 Sed
360 3079 393 3136 at
411 3073 449 3134 ab
468 3072 529 3136 hoo
549 3071 639 3150 iussu
660 3075 756 3134 ascriu
775 3075 920 3150 secessim
941 3076 1061 3139 cteuim
1084 3078 1155 3143 lad·

130 3183 209 3237 mato
245 3175 276 3235 d.
309 3173 362 3236 22.
398 3174 500 3237 Martii
539 3174 622 3237 182⁶
649 3175 879 3238 celebrationem
908 3176 1098 3243 Examinum
1119 3188 1156 3245 st

130 3275 286 3338 Feriamm
308 3275 557 3339 scholasticarum
583 3276 705 3337 arbitrio
726 3275 1155 3356 superintendentiarum:-ss

130 3378 225 3458 liquit.
242 3442 246 3449 ,

216 3479 362 3559 Quoniam
390 3481 469 3561 Regi
493 3483 707 3565 peregrinatio
736 3480 778 3542 nd
803 3480 988 3561 Academias
1020 3492 1156 3549 estora

86 3601 94 3612 ·
131 3582 283 3644 literarum
301 3600 390 3644 cansa
409 3578 554 3658 molesta,
585 3588 737 3644 sumtuosa
756 3588 788 3643 et
808 3587 908 3643 tamen
927 3600 1037 3663 parum
1057 3588 1155 3667 profl-

132 3702 190 3746 uus
208 3684 379 3747 videbatur:
411 3682 547 3745 intimato
567 3683 597 3744 d.
619 3683 670 3745 18.
690 3683 764 3745 Nor.
786 3684 1154 3763 recompensentur

130 3787 187 3847 tias
207 3787 379 3867 provocavit
398 3785 436 3847 sd
456 3787 626 3867 opinionem
647 3785 899 3870 depromendam,
944 3804 1004 3865 qua
1032 3792 1153 3854 nume

132 3885 269 3948 Studium
300 3887 513 3967 Theologicum
542 3887 663 3950 Posonii
694 3889 930 3951 constituendum
967 3890 1152 3955 coordinan-

133 3990 260 4070 dumque
280 3989 368 4052 ieret.
412 3991 509 4069 Quum
537 4009 607 4053 vcro
627 3990 782 4053 Nostrates
803 3991 873 4070 legi,
893 4008 971 4070 quae
989 3994 1087 4057 nobis
1108 3995 1151 4057 fa·
