2544 4694
233 864 468 932 FORMULA
514 866 1086 935 excommoslcs'sromls

138 1004 304 1065 Pastorum
332 1002 450 1087 Viginti
471 1002 613 1079 Quattuor
633 1004 800 1085 Regaliani
817 1005 852 1066 in
867 1002 1053 1091 Soepusab,
1074 1014 1155 1070 msa

136 1106 232 1167 ritate
269 1105 360 1167 Petri
395 1104 566 1167 Pomanus
602 1104 731 1167 Arcki-
752 1105 908 1205 Episcopo
942 1104 1154 1192 Strigonioml

449 1224 531 1273 onoc
559 1206 641 1268 1682
671 1208 841 1286 consectae.

220 1374 268 1437 lix
295 1377 471 1438 auctoritate
502 1374 559 1438 liei
589 1374 807 1457 omipotentis
834 1376 945 1442 Patris
980 1388 1018 1443 et
1047 1380 1114 1442 uus
1132 1386 1154 1441 si·

136 1476 265 1559 Spiritus
287 1477 389 1538 Sancti
411 1483 443 1537 et
464 1476 592 1538 Sanctae
614 1477 728 1538 Mariae
749 1476 895 1558 Virginis,
918 1484 1039 1545 matris
1059 1482 1150 1545 maro

133 1580 228 1641 uomri
256 1577 328 1639 Jesu
359 1577 490 1653 Christi,
524 1584 556 1639 et
576 1585 745 1639 sauctorum
766 1579 960 1660 Angelmum
985 1590 1023 1646 et
1043 1586 1148 1648 droht

133 1678 267 1761 gaiorum
297 1684 328 1739 et
357 1678 401 1739 st.
423 1678 581 1740 Michaiilis
603 1686 634 1740 et
655 1679 700 1739 st.
722 1678 893 1760 Baptistae,
925 1689 963 1744 et
988 1704 1034 1747 ex
1053 1686 1146 1749 sicel

133 1778 217 1841 Petri
238 1779 375 1859 Apostoli
397 1785 428 1839 et
448 1779 573 1840 aliorum
593 1780 822 1859 Apostolorum,
844 1787 878 1842 et
901 1782 937 1843 S.
966 1785 1146 1868 Stephauit

133 1882 260 1943 omnium
281 1880 463 1961 Martyrum,
490 1881 636 1960 Sylvestri
664 1888 695 1943 et
722 1882 758 1943 l).
780 1882 943 1946 Adalberti
978 1894 1015 1950 et
1036 1890 1143 1952 omilim

134 1982 362 2058 Confessorum,
385 1990 416 2045 et
437 1982 469 2043 S.
479 1983 680 2063 Adelguudis,
703 1991 734 2044 et
754 1985 786 2045 S.
795 1982 963 2066 Virgiuum
976 1997 1024 2055 ,et
1039 1992 1142 2053 omniu

133 2082 325 2158 Sanctorum,
357 2085 407 2163 qui
435 2090 505 2145 sunt
531 2086 562 2143 in
593 2085 677 2178 coelp
708 2092 739 2147 et
759 2087 790 2145 in
810 2092 913 2160 terra,
951 2093 1070 2171 qm'bus
1100 2094 1142 2154 det

133 2190 181 2246 est
199 2191 332 2266 potestas
353 2184 464 2264 ligandi
481 2191 511 2244 et
528 2185 682 2245 solvendi:
702 2178 1025 2269 Exoommrmicmrrus,
1050 2195 1141 2256 duum

132 2306 216 2362 mus,
246 2286 448 2346 maledicimus
476 2286 592 2346 vinculo
624 2287 848 2363 Anathematis,
891 2298 926 2352 et
963 2314 983 2354 a
1012 2295 1142 2357 limmtr

133 2393 253 2448 sauctae
283 2389 386 2447 matris
417 2387 573 2447 Ecclesiae
594 2407 784 2468 segregamus
805 2388 872 2450 illos
893 2390 1010 2471 fures,
1046 2396 1141 2459 sacrilc

132 2508 201 2569 gas,
222 2494 377 2567 raptores,
398 2488 598 2563 consiliarios,
619 2489 789 2569 adjutores,
812 2490 1004 2572 adjutrices,
1038 2500 1090 2579 qui
1105 2498 1141 2558 lc

132 2592 244 2652 furtum
266 2592 328 2652 siva
348 2592 406 2653 hoc
427 2592 536 2652 malurn
556 2599 775 2672 perpetrarunt,
796 2594 859 2654 sive
876 2595 941 2656 sibi
959 2597 1039 2661 iude
1056 2595 1142 2681 aliquil

131 2698 353 2772 usurpaverunt.
376 2692 422 2751 Sit
442 2712 511 2772 pars
534 2712 638 2771 aarum
658 2712 725 2753 cum
747 2693 833 2768 Core,
854 2693 959 2757 Datau
978 2704 1015 2760 et
1034 2700 1140 2774 Abirru

133 2811 207 2873 quos
238 2798 319 2852 terra
349 2799 474 2872 propter
504 2812 606 2852 eorum
637 2799 759 2873 peccata
788 2794 967 2874 deglutivit,
1004 2803 1050 2864 sit
1067 2804 1139 2864 atu

130 2913 200 2975 pars
222 2893 338 2953 illorum
360 2913 426 2953 cum
446 2893 523 2953 luda
544 2895 696 2968 traditore,
719 2896 769 2973 qui
789 2895 950 2958 Dominum
971 2905 1081 2981 pretio
1091 2920 1138 2963 aar

131 2995 229 3056 didit'
258 2994 363 3055 Amen.
406 2995 447 3056 Et
468 3016 535 3056 cum
556 2995 661 3056 Pontio
683 2991 801 3071 Pilato,
815 3002 846 3058 et
867 3016 939 3062 cum
962 3001 1007 3064 iis
1025 3007 1084 3086 ,qui
1099 3004 1136 3066 lta

130 3097 210 3157 mino
231 3095 387 3169 dixerunt,
408 3096 557 3156 recedes
584 3097 686 3171 nobis,
709 3097 862 3158 scientiam
890 3100 1045 3167 uolumus
1071 3111 1132 3167 lusu

130 3196 218 3280 Fiant
238 3195 294 3255 lilii
315 3213 418 3256 eorum
439 3197 578 3276 orphani,
602 3187 667 3257 'sint
687 3197 836 3258 maledicti
853 3199 885 3258 in
905 3202 1051 3282 civitate,
1070 3205 1131 3268 malt

71 3317 78 3332 ·
130 3298 202 3358 dicti
222 3293 254 3357 io
273 3313 362 3376 agro,
392 3297 424 3358 is
445 3316 565 3378 campo,
585 3297 617 3356 iu
638 3296 738 3376 sylva,
758 3298 790 3358 iu
811 3297 973 3380 domibus,
1010 3303 1132 3370 maledici

45 3468 49 3479 Ι
129 3399 161 3459 iu
181 3398 317 3471 horreis,
338 3398 370 3456 in
391 3396 524 3472 lectulis,
544 3399 576 3458 in
599 3398 757 3474 cubiculis,
778 3398 933 3464 maledicti
953 3405 993 3468 in
1017 3407 1131 3485 omisit

129 3501 196 3576 vlu,
217 3500 248 3560 iu
268 3498 357 3573 villa,
378 3498 527 3560 maledicti
546 3500 578 3559 iu
600 3506 713 3575 castro,
733 3501 765 3560 iu
785 3500 924 3579 flumina,
946 3508 1131 3577 maledicti'u

128 3600 281 3675 Ecclesia,
302 3600 334 3659 iu
355 3600 551 3674 coemeterio,
579 3600 611 3659 in
631 3599 825 3662 tribunalibus
842 3602 977 3684 judicii,
1009 3607 1131 3675 maledici

129 3703 161 3764 iu
180 3703 263 3776 foro,
285 3701 315 3760 ln
336 3699 432 3775 bello,
454 3699 605 3762 maledicti
625 3701 656 3761 in
685 3701 806 3777 orando,
827 3701 1002 3790 loquendo,
1025 3710 1131 3783 troade

129 3801 346 3877 manducando,
382 3801 546 3882 vigilando,
584 3800 777 3877 dormiendo,
807 3799 969 3888 bibendo,
1004 3813 1131 3898 pdpmls

128 3906 283 3983 sedando,
308 3903 453 3984 jacendo,
490 3901 616 3977 staud03
647 3900 797 3964 maledicti
824 3904 857 3968 iu
889 3909 977 3992 otio,
1013 3910 1131 3983 malici
