2544 4694
537 342 736 435 *rgo*

127 516 167 579 tis
192 514 354 578 honoribus
392 518 544 575 ornamnt.
600 510 766 575 coelitibus
803 511 983 593 adscriptus
1021 502 1086 575 init
1112 512 1150 575 dir

121 618 179 683 16.
189 616 292 678 Martii
311 635 339 679 a.
355 613 449 691 1168,
471 632 563 676 uanos
573 620 660 676 natus
667 612 720 674 12.
730 612 884 675 (hdinavit
899 612 1150 677 candidatosld

212 733 244 795 2.
267 708 457 794 Maeones
469 729 615 812 Sdrossy,
635 736 721 793 natm
742 732 773 793 in
792 728 915 813 Oppido
938 731 1059 807 Sdros,
1078 736 1151 813 patro

128 835 242 898 Jmnne
262 834 364 897 nobili.
417 833 465 895 Ad
495 832 594 895 studia
618 832 812 895 incumbebat
837 834 868 895 iu
897 832 1039 915 Oppido
1059 834 1151 916 patrio,

128 936 321 1011 lieraevicae,
341 934 537 1016 Eperieasini,
558 952 634 996 anno
651 933 734 995 1611
756 940 789 995 et
809 953 893 1015 seqq
900 928 1152 1016 vitedsrgsa-

129 1036 238 1099 Redux
270 1035 399 1098 Soboiae
430 1034 614 1125 'Poporcensi
642 1032 783 1115 praefuit.
824 1034 914 1098 Anno
935 1036 1035 1097 1682
1057 1034 1152 1119 casso

128 1138 195 1200 viae
215 1136 347 1200 Pastoris
368 1135 530 1217 Hangarici
557 1133 655 1197 iocum
673 1135 848 1215 occupavit,
880 1154 979 1217 quem
1009 1134 1061 1197 66
1081 1112 1152 1199 anais

129 1258 199 1301 cum
225 1238 313 1301 laude
340 1238 434 1300 tuitus
469 1243 525 1299 est.
577 1234 612 1299 In
640 1234 794 1299 Conventa
824 1234 1062 1301 bennchoviae
1087 1256 1151 1301 anm

130 1339 234 1416 1168,
254 1346 383 1402 exeunte
402 1338 482 1401 iulio
501 1337 669 1415 celebrato,
689 1339 728 1401 ad
743 1338 874 1401 honores
891 1338 1152 1420 superintendere

129 1439 395 1529 tislicciesiarum
416 1438 661 1515 dimittendum,
686 1437 1068 1519 Parvo-Hontbanarum‚
1088 1440 1153 1503 'Por-

129 1542 285 1618 censium,
321 1539 585 1615 demorandum,
615 1539 869 1619 Heresseusium‚
900 1541 1153 1605 Saoiinokensim

22 1685 28 1699 .
129 1643 293 1726 perductus
320 1641 370 1703 die
402 1640 455 1703 66.
476 1640 559 1722 Sept.
585 1639 717 1705 Pastoris
746 1641 961 1705 Rosnavieusis
984 1650 1088 1725 atque
1107 1642 1153 1707 81-

129 1743 367 1827 perintendeutis
387 1761 492 1805 munus
512 1743 648 1819 obtinuit,
669 1744 748 1824 quod
763 1750 863 1806 tamen
873 1744 938 1825 jam
950 1744 986 1807 d.
998 1746 1058 1807 16.
1069 1746 1152 1809 Febr.
1186 1734 1189 1741 ¹

131 1844 217 1907 1169
244 1843 428 1906 inexorabile
459 1843 552 1905 letum
583 1846 611 1907 ei
641 1846 801 1926 abrogavit.
852 1844 935 1909 tuit
968 1864 1075 1911 annos
1097 1854 1151 1912 ns

130 1964 222 2026 supra
250 1945 412 2026 sexaginta.
464 1942 593 2006 Ordines
622 1964 721 2007 sacros
746 1946 859 2010 nemini
879 1937 1023 2011 contulit.
1071 1948 1152 2012 Brevi

33 2118 37 2125 ,
105 2122 110 2135 ,
130 2051 201 2127 post
220 2045 288 2128 ejus
308 2045 403 2107 istum
423 2043 642 2110 Rosuavienres
663 2066 720 2109 usu
740 2066 893 2129 saeorum
911 2050 1031 2129 privati
1054 2056 1136 2115 sunt.

182 2184 185 2192 ¹
215 2181 247 2243 a.
277 2177 408 2242 Samaei
426 2181 563 2256 Amore,
583 2178 717 2244 causus
737 2158 920 2245 arveum
940 2181 1154 2249 uacuum

131 2281 263 2346 Pastoris
283 2282 381 2361 filius,
400 2281 561 2345 Bithoviae
582 2302 608 2344 a.
631 2282 715 2345 1664
734 2289 832 2347 uatus.
871 2282 947 2345 (iarn
970 2304 1059 2349 auno
1081 2292 1155 2351 aeta

31 2451 34 2457 ,
130 2374 171 2448 tis
191 2384 243 2445 18.
265 2383 430 2445 studiorum
450 2402 539 2445 causa
558 2382 711 2447 Jaurinum
732 2402 801 2446 sese
821 2382 1000 2461 conferret,
1030 2388 1078 2449 ad
1099 2406 1157 2450 nau·

131 2486 294 2548 alimentum
312 2483 406 2565 Ujvdr
425 2503 481 2565 per
500 2482 616 2546 Turcas
637 2490 741 2566 captus
760 2486 930 2548 carceribus
952 2488 1156 2567 quadriennis

132 2585 331 2648 detinebatur.
382 2583 439 2644 His
459 2572 713 2647 liberatus'rediit
732 2587 770 2648 ad
790 2584 914 2647 Scholas
935 2582 1155 2669 Sempronian-

132 2703 215 2763 sem,
235 2685 468 2762 Posoniensem‚
488 2683 763 2747 Treuchiuiensem.
812 2685 884 2748 Post
902 2685 1000 2750 deuse
1023 2691 1155 2755 triennio

132 2786 314 2848 versabatur.
366 2785 415 2847 Ad
444 2790 567 2867 penates
594 2778 732 2848 reversus
758 2786 933 2850 Trenclainii
952 2787 1156 2859 Rectorisrt

132 2886 256 2950 Diaconi
271 2906 388 2964 mauras,
409 2887 556 2967 susceptis
577 2886 606 2947 d.
621 2886 671 2947 16.
684 2887 752 2950 Jun.
773 2889 857 2950 1696
874 2889 1035 2955 ordinibus
1054 2896 1156 2973 sueth,

132 2996 312 3069 exsequutus
333 2995 389 3051 est.
431 2986 479 3051 De
499 2989 627 3052 statione
646 2989 705 3052 hac
725 2991 884 3054 discedens
904 2990 1004 3055 Aulioi
1024 2995 1157 3061 concio

132 3093 244 3154 naboris
271 3090 350 3173 opud
378 3091 445 3154 Lib.
472 3091 619 3155 Batonem
648 3090 807 3156 Mattbiam
834 3094 987 3159 ostresitn
1015 3098 1074 3163 in'
1090 3106 1157 3163 arce

132 3193 343 3275 Lipto-Ujvar
363 3190 514 3279 (Hradek)
542 3193 642 3256 officia
662 3199 695 3257 et
714 3200 815 3276 partes
836 3178 990 3277 suscepit}
1013 3201 1157 3267 'menno

131 3300 201 3375 post
220 3294 317 3370 Hibis,
337 3314 385 3355 ou.
408 3295 492 3356 1166
512 3294 690 3371 BottiaIvae,
711 3315 780 3358 mox
799 3295 1073 3381 vag-Ujhelyini,
1094 3310 1157 3369 aaa

132 3394 396 3476 Nagy-Palugyae
424 3415 500 3457 anno
527 3396 622 3483 1168
640 3396 812 3461 Csetnekini
840 3400 941 3462 sacris
955 3405 1156 3497 operabatur

11 3584 14 3588 A
132 3496 472 3577 InSuperintendentem
488 3497 716 3576 cibinielectus,
731 3500 1157 3601 (1.248θρ61169Κοεν166

131 3599 322 3678 inauguratur
338 3598 413 3661 liis·
417 3599 592 3662 Honthanos
606 3606 709 3663 coetus
726 3608 911 3682 spectat.—
867 3604 1042 3689 U-nurn
1062 3596 1157 3693 sapsa

133 3705 252 3763 centum
269 3698 447 3762 candidatos
466 3700 591 3763 ordinat
629 3684 1058 3788 tumultuositas
1078 3712 1156 3775 unic

174 3851 210 3914 6.
233 3851 328 3912 Post
348 3852 668 3930 Resotetiocem
698 3854 936 3919 coroticum
956 3856 1156 3927 Tibiscu-

236 3970 312 4015 uros
342 3953 572 4017 Districtuc
608 3957 782 4019 concisi
816 3974 934 4019 onum
965 3958 1155 4033 babebat
