2544 4694
134 563 224 645 begis
244 564 325 643 typis
347 564 498 643 exscripta
517 564 649 625 omnium
677 563 1018 641 manturanum,
1040 566 1164 649 copiose

133 686 199 727 eam
220 666 392 727 exscribere
413 684 663 744 supervacaneum
685 666 864 727 censuimus.
936 746 940 753 Ι

216 767 344 828 Fructus
364 766 443 827 illius
464 766 541 847 legis
563 774 637 841 erat,
659 767 739 846 quod
759 787 778 826 a
798 767 827 827 d.
845 766 894 827 18.
910 766 983 828 lun.
1005 788 1060 831 an.
1084 770 1160 833 lact

132 870 287 931 Nostrates
308 869 452 930 Paroebia
473 868 802 931 Romano-Catholicis
825 869 954 945 stolam,
983 870 1159 950 Lectioalb,

133 971 248 1050 aliaque
283 971 422 1033 Praebita
457 971 593 1053 pendere
631 977 804 1047 cessarunt,
845 977 877 1032 et
906 974 989 1051 quod
1021 973 1157 1037 lutimato

133 1072 162 1133 d.
183 1073 214 1133 6.
235 1072 312 1152 Aug.
334 1072 415 1133 1791
459 1073 541 1133 edito
571 1072 759 1151 Evangelio&
792 1073 823 1131 in
855 1072 1012 1153 Hungaria
1049 1075 1155 1141 Paua

133 1174 293 1237 celebratio
323 1174 437 1254 Synodi
465 1173 558 1235 fuerit
585 1176 750 1253 permissa,
784 1184 859 1254 quae
880 1184 1053 1256 praesente
1077 1178 1153 1241 cna

132 1276 268 1339 missario
288 1275 395 1355 Regio,
417 1274 533 1335 Comite
548 1274 687 1355 ¹losepbo
708 1276 890 1337 Bruusarick
911 1296 929 1338 a
949 1277 981 1338 d.
1005 1278 1066 1341 12.
1080 1280 1150 1362 Sap.
1183 1338 1186 1343 .

133 1396 229 1457 usqne
252 1378 396 1438 decimam
417 1382 551 1455 quartam
572 1375 640 1436 Oct.
663 1377 798 1457 ejusdem
819 1379 886 1438 anni
907 1379 1053 1441 durabat.
1078 1382 1151 1443 ,Μ
1176 1434 1183 1447 .

133 1476 303 1558 Leopoldus
331 1483 519 1559 praematura
547 1483 644 1537 morte
673 1475 728 1560 (d.
750 1480 779 1539 1.
801 1478 891 1539 Mart.
914 1477 1029 1565 1792)
1053 1482 1150 1545 luicart

57 1610 62 1619 ·
134 1581 307 1654 exstinctus,
327 1578 454 1639 forsitan
471 1579 535 1658 jam
551 1578 722 1639 Pastoribus
744 1581 854 1640 nostris
876 1580 990 1643 Salaria
1013 1602 1060 1645 ex
1081 1604 1149 1647 ιιιι

134 1682 179 1742 rio
200 1680 319 1760 publico
340 1686 574 1741 numerarentur.
637 1679 703 1741 Hoc
725 1687 812 1741 certe
834 1683 959 1745 consilio
981 1684 1148 1751 clementie

133 1784 225 1843 umus
246 1781 323 1856 ilex,
344 1781 481 1843 intimato
507 1783 536 1842 d.
558 1782 609 1842 2⁰.
630 1781 696 1843 Jan.
727 1783 809 1843 1792
840 1784 948 1864 inquiri
978 1790 1147 1871 praeceffl:

133 1885 199 1963 quis
220 1885 260 1945 sit
281 1885 388 1945 aerarii
416 1885 446 1944 in
468 1884 590 1964 singulis
623 1886 787 1946 civitatibus
816 1892 848 1946 et
878 1888 1001 1966 oppidis
1040 1890 1145 1955 statui

133 1986 198 2065 quis
220 1986 382 2046 incolarum
402 1987 635 2067 uuiuscujusque
655 1987 810 2066 religionis
824 1989 992 2051 umnerus‘l
1018 1999 1057 2055 et
1073 2012 1145 2075 qun

133 2094 195 2147 tum
216 2087 389 2167 Evangelici
410 2089 513 2148 tributi
534 2089 653 2149 nomine
678 2088 818 2149 aolvaut‘l
848 2142 854 2153 ,.
918 2078 921 2087 ’
1175 2092 1179 2097 “

157 2174 159 2185 ’
216 2188 307 2269 Legis
346 2189 553 2269 religionariae
590 2210 666 2251 anuo
687 2182 788 2270 'lsop
829 2190 907 2253 lutae
945 2198 1142 2261 auctoritato
1173 2260 1176 2267 ,

59 2350 62 2355 .
134 2289 319 2352 Francicus
351 2310 469 2371 quoquc
499 2290 625 2351 Lnunc
653 2291 783 2371 gloriose
803 2310 931 2371 regnans
954 2311 1020 2357 con
1164 2286 1182 2313 ²

132 2391 230 2473 Hujus
245 2393 399 2471 Principis,
414 2394 479 2453 veri
494 2395 587 2472 patris
599 2396 725 2472 patriae,
740 2399 823 2454 tanta
837 2401 884 2455 est
898 2396 1001 2473 gratia
1016 2406 1074 2463 ban
1162 2400 1170 2459 ἶ.

132 2495 164 2555 in
184 2514 238 2554 nos
259 2494 479 2570 benevolentia,
500 2501 534 2555 ut
554 2514 651 2575 nequc
673 2495 740 2574 ipse
760 2495 898 2575 injuriam
920 2498 1018 2561 nobi·
1040 2502 1139 2571 infert
1163 2486 1166 2491 ¹

132 2594 230 2674 aeque
251 2596 375 2655 eandem
396 2596 480 2656 nobis
502 2596 613 2675 imponi
634 2596 714 2657 velit.
770 2596 833 2657 Sed
853 2598 998 2676 quoniam
1021 2604 1139 2687 negatio

132 2716 199 2757 rum
229 2715 441 2775 causarumque
467 2702 633 2756 nostrarum
663 2694 771 2757 Rectio
801 2696 889 2758 Foris
911 2704 944 2759 et
965 2700 1140 2777 Dioaotain
1169 2708 1186 2757 .“

132 2800 163 2860 ln
193 2798 299 2879 quibus
329 2796 435 2859 Clesus
465 2804 497 2860 et
526 2799 576 2878 qui
607 2818 675 2859 cum
702 2817 739 2859 eo
766 2797 896 2875 faciunt,
916 2801 1022 2880 prima
1044 2810 1140 2877 tend,
1169 2874 1173 2881 ,

132 2888 247 2962 credita
261 2907 324 2961 cat:
341 2898 502 2961 identidem
518 2900 570 2976 at,
585 2905 619 2960 ut
633 2898 750 2975 Edicta,
763 2898 935 2981 Rescripta,
954 2902 1141 2989 lntimntapn
1167 2960 1171 2965 .

131 3006 334 3084 proponantur
349 3007 381 3063 et
394 3001 560 3082 vulgentur,
572 3021 648 3081 quae
664 3021 731 3063 cum
740 3001 808 3082 lege
825 3003 980 3067 conciliari
991 3012 1142 3093 nequod

131 3105 234 3167 l’routi
269 3104 375 3185 priscis
405 3104 588 3184 temporibus
629 3102 736 3164 Clerus
764 3124 879 3165 summo
906 3107 1014 3172 studio
1047 3112 1086 3175 in
1118 3127 1141 3173 o

128 3206 312 3281 elaborabat,
349 3212 382 3267 ut
411 3225 514 3267 omnes
542 3205 625 3286 leges
653 3204 976 3271 acculiXVl1.·nobia
1006 3212 1142 3297 propib

123 3310 245 3372 aenaim
272 3306 470 3369 convelleret:
507 3308 549 3367 ita
577 3327 596 3366 a
621 3312 804 3386 postremum
832 3308 952 3369 condita
982 3311 1064 3394 laga
1090 3312 1142 3379 ιιι

132 3411 266 3493 gioumb
290 3410 364 3470 nibil
382 3411 488 3471 babuit
508 3410 674 3489 antiquius,
708 3429 794 3489 quam
814 3416 848 3472 ut
868 3411 959 3491 hujus
982 3413 1071 3497 legi.
1091 3414 1142 3481 nl
1166 3462 1171 3475 .

132 3518 263 3574 verteret
290 3512 503 3572 auctoritatem.
547 3510 613 3571 Hac
641 3529 712 3570 vcro
738 3511 769 3570 in
791 3531 825 3571 rc
845 3517 907 3572 tam
927 3509 1075 3583 leliolter
1094 3536 1142 3581 rar

123 3614 270 3688 ¹sabatur,
298 3618 333 3672 ut
352 3612 463 3672 nullum
490 3611 615 3691 amplius
635 3610 771 3672 laudatae
792 3611 868 3691 legis
888 3622 1045 3691 punctum

132 3714 224 3777 latum
254 3719 378 3794 perstet
431 3713 536 3775 Fatale
564 3714 644 3774 iuter
673 3711 730 3771 alia
751 3719 781 3775 et
802 3714 960 3801 exitiosum
981 3717 1020 3780 ln

130 3817 226 3878 inscio
244 3814 331 3897 Rege
351 3822 383 3877 et
403 3822 503 3877 tamen
524 3816 590 3896 ejus
611 3799 728 3875 nomine
750 3814 779 3875 d.
797 3813 848 3874 25.
871 3814 957 3903 Sept.
989 3821 1084 3887 lm

133 3918 297 3999 vulgatum,
326 3918 405 3998 quod
427 3919 479 3999 jus
500 3917 689 3998 Apoeberum
711 3914 817 4001 (vulgo
837 3917 1056 3987 Reversalinm
1078 3928 1138 4009 sip

135 4016 223 4102 rem),
244 4020 341 4100 quoad
360 4018 471 4082 liberos
492 4039 595 4083 omues
615 4021 647 4080 in
667 4019 859 4082 mabinroniia
885 4020 988 4085 mirus
1010 4024 1136 4111 pangat
