2544 4694
535 458 557 465 -
616 376 660 439 83

130 547 297 609 Ecclesiam
328 543 493 607 Romanam
524 546 754 627 pertinentium,
776 546 894 609 indices
914 544 1060 623 Paroclrl,
1095 548 1162 611 Ro·

133 646 399 710 mano-Catholici
441 647 624 710 exhibebunt
654 648 692 709 ad
721 650 955 733 communionem
995 670 1162 713 sacrorum

131 748 377 829 Evangelieorum
386 748 543 811 admissuri
551 768 612 810 non
623 757 709 823 sunt3
722 750 891 813 intimatum
901 752 962 812 diei
971 751 1028 813 23.
1040 752 1160 815 Deebr.

133 852 227 925 1816,
259 850 339 930 quod
371 850 536 911 Societates
563 848 775 912 Philobilrlieas
806 853 967 933 prohibet;
1014 852 1162 917 Intimuta

131 954 162 1015 d.
185 952 236 1013 13.
257 952 333 1031 Aug.
358 952 449 1027 1810,
482 950 512 1011 d.
534 952 585 1013 23.
606 952 702 1031 April.
727 952 818 1027 1811,
840 953 869 1012 d.
891 953 942 1013 14.
962 952 1034 1014 dan.
1061 956 1162 1029 1812,

131 1036 207 1135 qnae
227 1053 418 1132 Neosponsos
439 1054 611 1133 parentibus
634 1051 793 1113 Catholicis
813 1060 909 1130 natos,
931 1056 1056 1117 etiamsi
1080 1076 1162 1119 aem-

129 1174 186 1237 per
205 1174 290 1217 sacra
309 1153 488 1235 Evangelica
508 1153 621 1216 fuerint
638 1154 787 1234 professi,
808 1157 1030 1217 matrimonium
1054 1176 1161 1221 coron

20 1308 26 1321 .
129 1256 263 1319 Paroelro
285 1252 613 1315 Romano-Catholico
634 1255 711 1315 inire
729 1252 858 1334 jubent'3
898 1256 1079 1321 lntimatum
1101 1260 1160 1321 diei

130 1358 180 1421 12.
198 1358 308 1419 Decor.
325 1356 417 1430 1820,
430 1356 509 1434 quod
530 1363 632 1417 contra
650 1355 702 1437 jus
724 1357 821 1417 etiae
843 1365 933 1437 etque
954 1366 1069 1421 contra
1092 1382 1161 1425 sen-

130 1461 253 1522 tentiam
264 1458 388 1519 aliorum
403 1456 585 1531 Edictorum,
598 1477 723 1536 qnorum
734 1459 910 1519 auctoritate
921 1462 1022 1539 partui
1035 1466 1160 1525 uterum

130 1562 216 1640 sequi
236 1559 362 1633 licebat,
384 1557 490 1617 nothos
510 1564 597 1637 patre
620 1556 773 1619 Catlrolico
796 1561 967 1639 progenitos
991 1558 1092 1645 (lieet
1112 1564 1161 1625 hia

129 1662 167 1723 ad
188 1661 281 1742 prolis
310 1660 516 1720 educationem
544 1659 618 1719 nihil
647 1656 814 1743 conferat),
846 1663 941 1741 patris
972 1664 1161 1747 religion·

132 1766 217 1844 sequi
238 1763 393 1842 praecipit.

213 1864 317 1944 Longe
349 1862 436 1924 aliter
468 1863 622 1944 judicabat
656 1884 711 1924 rex
745 1866 959 1945 aequissimus,
995 1868 1056 1929 ubi
1091 1870 1159 1951 qrdrl

134 1972 241 2048 sponte
261 1985 324 2039 suo,
345 1964 393 2025 vel
414 1983 472 2024 non
494 1964 601 2026 auditis
623 1966 668 2025 rei
679 1972 800 2027 nostrae
820 1967 998 2028 adversariis
1011 1970 1158 2035 institui.

132 2069 200 2130 Hoc
231 2068 310 2127 enim
339 2068 370 2126 in
392 2086 462 2126 casu
483 2085 604 2146 semper
631 2065 786 2128 liberalem
807 2086 842 2129 se
863 2070 1025 2147 praestitit.
1075 2073 1160 2137 Patet

129 2170 161 2229 id
188 2188 216 2229 v.
245 2187 271 2228 c.
302 2149 339 2228 er
361 2167 521 2247 Rescripto
550 2168 602 2227 31.
631 2167 898 2248 Majian.1toa‚
926 2190 986 2250 quo
1009 2172 1160 2249 declarat,

131 2272 200 2357 quia
227 2288 335 2331 nomen
348 2298 351 2303 ·
364 2270 583 2330 haereticorum
613 2268 652 2329 ad
671 2270 867 2350 Evangelicos
889 2272 1000 2333 referri
1033 2279 1160 2357 nequit:

128 2372 416 2453 jusjurandumque
440 2390 508 2430 sese
529 2370 672 2449 Episcopi
695 2369 734 2430 ad
753 2371 921 2432 haereticos
943 2374 1161 2457 exstirpandos

133 2474 264 2553 obligant
292 2472 330 2532 ad
358 2472 554 2550 Evangelicos
583 2491 643 2532 non
670 2473 843 2551 pertinere,
871 2493 1026 2553 nunquam
1050 2498 1090 2541 ae
1112 2480 1161 2543 ad-

133 2575 291 2635 missuum
313 2592 393 2647 esse,
415 2580 447 2633 ut
468 2574 613 2653 quispiam
633 2573 785 2653 religionis
806 2594 895 2635 eausa
915 2595 933 2635 a
954 2577 1096 2643 civitatis
1118 2580 1160 2657 rol

134 2676 251 2755 collegii
272 2672 394 2759 (Zonit)
422 2674 493 2755 jure
514 2675 701 2751 excludatur;
732 2676 847 2757 justum
869 2696 937 2738 erse
959 2666 995 2739 ut
1016 2684 1161 2757 mulctra,

135 2796 212 2858 qnae
231 2775 389 2857 opificibus
409 2777 585 2856 irrogantur,
607 2778 634 2837 si
653 2776 700 2837 illi
718 2776 891 2857 Evangelici
910 2778 1046 2859 luerint,
1065 2804 1161 2851 aa*

120 2864 182 2955 ¹rio
212 2884 351 2939 coetuum
371 2876 618 2957 Evangelicornm
645 2876 821 2939 inferantur.
873 2879 962 2940 Aliud
995 2886 1161 2965 aequitatis

136 2980 290 3041 Franclsei
309 2980 521 3041 monimentum
540 2980 853 3059 praebet'lntimatum
868 2982 903 3041 ·d.
925 2981 946 3041 8
968 2981 1042 3046 oct.
1066 2988 1161 3063 lm

136 3101 195 3162 quo
223 3082 370 3157 amciter,
397 3087 432 3143 ut
460 3081 487 3141 si
517 3080 589 3159 quid
623 3099 660 3141 ex
689 3082 803 3143 aerario
834 3082 998 3145 domestico
1029 3087 1161 3163 citimi

134 3184 223 3245 factis
251 3181 395 3263 impensis
423 3180 550 3261 publicis
580 3188 612 3243 et
631 3183 777 3260 praestita
796 3182 940 3244 Ecclesiis
968 3184 1161 3255 Parochiall-

135 3286 209 3360 bus,
238 3282 416 3363 Scholisque
442 3280 767 3344 Romano-Catholicis
794 3288 858 3343 rata
884 3294 986 3364 parte,
1023 3298 1170 3357 mma:-

135 3385 334 3464 Evangelieae
373 3382 561 3449 confessioni
592 3383 745 3458 Addictis,
781 3405 836 3463 pro
874 3388 990 3448 ratione
1024 3394 1161 3475 capitum

136 3488 301 3567 aerariique
330 3486 436 3547 virium
464 3487 663 3547 subveniatur.
738 3487 855 3547 Eodem
889 3487 1031 3555 lntimato
1074 3495 1161 3559 fundi

137 3608 255 3670 quoque
277 3586 422 3650 coetuum
441 3587 687 3666 Evangelicorum
702 3588 732 3647 in
752 3588 1034 3671 liberisRegiisqup
1055 3598 1163 3665 civit.-

136 3692 216 3754 tibus
238 3696 269 3751 et
290 3690 430 3750 Sedecim
452 3689 577 3769 Oppidis
600 3689 737 3769 Scepusii
765 3711 782 3749 a
810 3692 920 3752 tributo
949 3698 980 3753 et
1012 3702 1162 3763 oneribus

138 3792 271 3853 eirililms
301 3791 472 3851 liberantur.
515 3791 583 3849 Huc
613 3809 702 3869 porro
729 3790 902 3851 relerrimus
931 3792 1111 3863 intimatum
1130 3784 1161 3863 d

137 3894 168 3953 8.
188 3892 254 3955 don.
277 3891 369 3967 1⁷98,
391 3891 471 3971 quod
491 3888 655 3970 legationes
676 3892 798 3966 mixtas,
828 3892 859 3951 in
879 3895 1007 3972 negotiis
1025 3902 1163 3983 religio

138 3995 184 4055 nis
205 3994 410 4075 inquisitiones
430 3998 613 4087 peracturos,
634 3994 770 4069 admittit,
791 3999 823 4055 et
839 3992 938 4075 latinu.
960 3995 990 4057 d.
1015 4000 1069 4065 lo.
1086 4006 1162 4087 Arg.
