2544 4694
615 274 660 338 88

129 442 207 521 lter,
228 464 269 506 ne
288 453 410 525 praeter
429 464 531 507 esaum
551 445 739 507 necessitatis
765 443 961 509 Professores
985 444 1054 523 slll,
1076 464 1161 527 quam

130 567 169 610 er
188 548 279 609 terris
300 547 427 627 lmperio
455 547 613 608 Austriaco
639 547 773 609 obnoxiis
803 547 918 609 oriundi
943 550 1022 610 sint.
1071 546 1162 613 Jussit

129 654 287 728 praeterea
301 650 411 727 ‘quovis
432 648 572 709 semestri
593 648 736 709 Examina
756 649 887 725 institui,
909 656 941 711 et
963 646 1110 713 Juvenes
1129 651 1162 713 de

131 749 341 832 progressibus
361 750 393 809 iu
408 749 503 811 literis
522 756 554 811 et
571 750 701 811 moribus
723 750 852 812 testibus
874 751 972 813 literis
994 750 1162 832 provideri

133 850 261 913 Cursum
290 851 419 930 denique
448 851 619 911 Studiorum
649 851 688 911 ad
716 851 876 913 triennium
897 852 1053 914 extendit.
1111 852 1160 915 flu

130 953 174 1014 ita
200 953 383 1032 praeparatis
421 952 471 1012 die
502 952 534 1012 4.
563 951 629 1013 lan.
660 952 742 1012 1821
773 953 902 1014 Instituti
929 952 1029 1034 hujus
1062 952 1160 1017 Theo

130 1053 220 1133 logici
248 1060 350 1128 sator,
390 1052 534 1115 Josnuem
564 1036 733 1114 Genemicb
759 1060 792 1115 et
821 1054 988 1135 Georgium
1024 1042 1164 1127 Vcnrtd'

131 1153 324 1217 Professores
345 1156 514 1232 nominavit,
537 1157 643 1235 quibus
664 1157 772 1216 seriori
793 1162 930 1236 tempore
951 1157 1069 1236 plures
1092 1159 1159 1221 allos

18 1298 26 1315 .
131 1257 264 1317 sociarit.
305 1254 498 1318 Professores
529 1257 562 1317 bi
591 1257 641 1316 dic
667 1255 701 1316 2.
731 1255 842 1335 Aprilis
874 1258 982 1327 eodem
1010 1276 1101 1341 anno
1120 1258 1160 1323 ln

132 1359 268 1421 stitutum
287 1358 426 1419 habendo
447 1357 573 1419 Scholas
595 1354 843 1442 (praelectiones)
864 1366 1072 1438 aperueruut.
1124 1356 1170 1425 ut

133 1467 232 1522 sutem
252 1462 284 1521 in
305 1460 463 1542 metropoli
492 1460 587 1521 hacce
613 1462 722 1522 victum
744 1467 776 1522 et
797 1462 1071 1525 commorationem
1091 1462 1162 1543 tad-
1197 1444 1202 1457 ⁵

132 1562 238 1624 liorem
259 1560 401 1622 redderet
421 1560 584 1640 Imperaus,
604 1562 672 1641 ipse
693 1562 722 1621 d.
743 1562 796 1623 sl.
814 1562 891 1643 Aug.
914 1561 1000 1624 1824
1023 1564 1062 1627 in
1085 1584 1162 1629 emo·

128 1656 296 1724 'lomentum
324 1662 445 1741 triginta
472 1661 678 1724 Studiosorum
705 1661 906 1743 Theologiae,
927 1662 1099 1744 Stipendia
1126 1666 1161 1731 ita

134 1760 280 1839 condidit,
310 1769 469 1824 uteorum
490 1770 558 1825 octo
580 1765 791 1845 quinquaginta
811 1763 929 1840 anos,
951 1765 1032 1827 alios
1058 1764 1160 1831 decu

135 1866 321 1945 octuaginta,
349 1865 478 1946 reliquos
508 1866 637 1947 deniqne
672 1865 830 1927 duodecim
867 1872 988 1928 centum
1020 1876 1166 1933 monetas

92 2025 96 2035 .
135 1973 297 2048 argenteae
317 1968 475 2047 percipere
493 1966 593 2027 vellet.
857 2000 859 2005 ·

218 2066 279 2129 Pro
299 2069 440 2130 coronide
460 2069 551 2129 liceat
572 2069 731 2131 observare
752 2062 893 2131 lustltota'
907 2070 1050 2133 literaria
1072 2074 1161 2157 inpri

136 2170 193 2231 mis
214 2169 320 2231 altiora
340 2169 586 2249 Evangelicorum
606 2171 638 2231 in
658 2169 833 2251 Brugetia,
867 2190 903 2231 ex
930 2174 1056 2235 aerario
1086 2174 1162 2236 nulls
1200 2240 1202 2245 ,

136 2272 252 2333 ratione
268 2272 383 2352 juvari,
404 2271 459 2333 sed
480 2271 587 2350 partim
607 2290 697 2332 usura
717 2272 912 2352 proveniente
939 2291 977 2332 ex
999 2276 1164 2357 capitibus,

136 2373 320 2452 pedetentim
340 2391 397 2452 per
416 2373 596 2451 privatorum
617 2371 694 2433 dous
715 2374 883 2451 congestis,
905 2375 1018 2452 partim
1043 2378 1166 2457 symbo-

39 2460 41 2464 ’
137 2473 175 2535 lis
194 2474 339 2553 pecuniae
359 2472 639 2553 alimentorumque,
668 2493 743 2553 qnae
762 2475 854 2538 bodie
866 2493 984 2554 quoque
997 2475 1165 2543 Nostram

137 2575 272 2654 opulenti
288 2573 454 2648 conferunt,
469 2581 500 2635 et
511 2573 732 2653 Professoribus
747 2576 880 2655 praemia
894 2575 1019 2639 decerni
1036 2580 1166 2663 etjuvc·

137 2693 192 2737 nes
209 2676 402 2755 pauperiores
419 2677 451 2736 in
469 2675 612 2737 alumneis
627 2683 717 2757 atque
734 2676 923 2738 convictibus
933 2678 999 2758 jam
1020 2684 1167 2760 gratuita,

137 2777 198 2857 jam
206 2776 262 2837 vili
273 2777 371 2856 pretio
381 2776 430 2836 ali.
472 2776 515 2837 Ut
524 2796 596 2845 nero
608 2776 732 2857 amplius
744 2779 841 2838 adhuc
851 2779 1028 2858 indigentiis
1040 2782 1165 2847 Prosae

11 2946 13 2950 ,
138 2898 240 2953 sorum
261 2884 293 2940 et
314 2880 519 2940 Studiosorum
540 2880 755 2956 subvenirem,
778 2881 981 2943 conditusfuit
995 2884 1032 2945 iu
1050 2885 1167 2969 Super

137 2980 321 3043 intendentia
351 2980 508 3042 Tibiscana
545 2976 590 3042 in¹
606 2981 760 3043 conventu
788 3002 891 3043 meuse
923 2983 1055 3047 Octobri
1088 3008 1169 3051 anno

139 3083 221 3143 1811
240 3082 466 3163 Nyiregybicae
488 3081 647 3158 celebrato,
668 3082 809 3159 Fundus,
831 3105 919 3164 quem
934 3088 1169 3165 ·vocant,.Strr·

138 3183 274 3259 aliorum,
306 3185 391 3264 cujus
411 3182 556 3245 reditibus
577 3184 770 3247 Professores
792 3193 823 3247 et
844 3187 994 3263 Studiosi,
1017 3189 1169 3257 Alumnd

41 3273 43 3277 ¹
139 3288 236 3361 cives,
261 3286 293 3346 in
320 3284 436 3346 Scholia
467 3285 622 3347 altioribus
648 3287 833 3366 juvarentur.
878 3287 1054 3368 0pitulatur
1073 3270 1170 3374 prae·¹

138 3392 222 3448 terea
242 3384 389 3447 Studiosis
411 3388 520 3449 nostris
541 3388 637 3448 minus
659 3389 757 3450 beatis
777 3388 887 3468 legatio
909 3390 1170 3473 Joannaeleers,

140 3507 216 3567 quae
237 3494 356 3548 centurn
376 3487 457 3549 mille
478 3487 574 3549 anus
596 3507 633 3549 eo
653 3489 714 3550 fine
731 3489 848 3551 Scholia
869 3493 978 3553 nostris
1000 3494 1170 3561 mfiom'bns

24 3630 26 3635 -
139 3590 254 3664 tribuit,
274 3595 307 3651 ut
329 3608 365 3650 er
386 3589 475 3669 hujus
498 3590 636 3651 Summae
658 3589 775 3667 fenore,
796 3594 948 3672 sexagiarta
967 3594 1019 3655 vel
1041 3606 1171 3663 centum

136 3691 295 3772 juvenibus
315 3689 449 3751 Alumnis
470 3691 501 3752 in
531 3692 646 3753 duobus
668 3693 788 3772 quidem
809 3696 966 3757 trientibus
987 3698 1102 3778 nobili,
1136 3705 1169 3765 in

140 3811 200 3853 uno
220 3811 291 3853 vero
311 3793 407 3852 minus
429 3791 536 3854 illustri
557 3792 623 3854 loco
649 3794 727 3855 natis
748 3795 896 3874 probitate
917 3817 1037 3860 morum
1063 3809 1102 3865 et
1125 3804 1170 3867 dl-

120 3887 121 3891 ’
140 3892 261 3974 Ιίςιιιιίι
273 3895 448 3973 conspicuis,
464 3895 619 3975 Stipendia
634 3896 874 3959 decernerentur.
918 3899 1058 3965 Accessit
1081 3924 1169 3969 emo-
