2544 4694
160 550 320 613 auctmitas
340 554 372 610 et
387 549 531 631 potentia,
554 551 708 612 continuas
729 552 815 611 nobis
836 550 932 631 indigi
955 552 1085 635 plagas.
1114 554 1184 633 Qui

160 654 321 715 etiamnum
348 652 380 711 in
411 669 466 711 uos
488 650 556 712 odio
577 650 710 728 feratur,
737 658 921 733 quantopere
943 672 1005 716 uus
1031 656 1185 737 despicatu'

160 756 279 827 babeat,
300 752 347 812 vel
370 770 407 811 eo
428 752 610 831 comprobat,
633 751 712 832 quud
733 754 824 815 aedes
846 762 967 849 nostraq
991 756 1108 819 sacras
1128 778 1185 839 qua

160 856 243 936 leges
263 855 347 934 regni
368 851 496 932 'l'empla
517 860 631 927 uocant,
651 856 845 934 pertinaciter
861 858 1050 919 contemtim
1062 858 1185 923 oratoru

160 959 312 1032 nominet3
344 956 454 1016 nostris
483 950 658 1016 Pastoribda
690 975 764 1034 quus
785 957 848 1017 sola
871 956 1130 1023 Clarissimorum
1147 962 1186 1021 ud

159 1059 319 1142 pellatione
346 1058 502 1138 dignatur,
532 1056 649 1119 titrdum
678 1056 922 1120 Reuereudurum
951 1060 1182 1153 denegaturus

160 1181 217 1221 uon
249 1161 411 1221 secuudum
443 1159 520 1240 legis
552 1160 730 1219 seutentiam
760 1168 915 1239 receptos,
954 1166 1017 1223 sed
1051 1164 1183 1227 rolens·

158 1264 321 1324 identidem
350 1263 476 1335 lrabeat,
512 1279 610 1340 neque
642 1259 753 1321 fratres
782 1252 913 1341 fideique
944 1270 1118 1328 consortes
1143 1267 1184 1329 sel

159 1363 349 1426 Acatbolicus
368 1370 521 1442 nuncupet
549 1370 639 1442 atque
660 1364 779 1423 omniuo
800 1366 826 1425 ai
847 1384 904 1443 qna
924 1367 1053 1427 ratione
1075 1388 1184 1444 nocua,

127 1480 144 1509 ⁸
160 1468 429 1543 detrimentumque
450 1464 564 1523 iulerre
577 1469 687 1543 potest,
708 1464 799 1526 faciat
815 1464 1041 1529 lubentissime.
1077 1468 1185 1533 Gumis

160 1570 263 1651 primis
274 1567 372 1647 Regni
392 1566 567 1627 Dicasteriis
590 1566 685 1627 lucum
707 1586 774 1628 cum
796 1568 938 1648 suffragiu
960 1570 1095 1646 babeat,
1112 1582 1185 1635 'sum

160 1688 285 1750 mosque
324 1676 409 1748 gerat
437 1669 642 1747 magistratus,
692 1670 758 1750 ejus
796 1671 985 1750 potissimum
1025 1674 1123 1755 culpa
1151 1676 1183 1749 dl,
1214 1746 1218 1754 Ι

162 1772 241 1855 quud
272 1771 448 1849 frequenter
484 1768 692 1830 llesolutiuues
724 1771 866 1847 edantur,
907 1773 1035 1835 numine
1074 1777 1183 1857 quiden

160 1874 332 1954 Majestatis
376 1870 434 1932 sed
480 1890 689 1950 nunnunquam
725 1873 817 1933 inscia
854 1873 1023 1955 Majestate
1077 1874 1133 1961 (ut
1164 1878 1183 1939 d

161 1974 213 2035 25.
247 1974 331 2054 Sept.
366 1969 472 2056 laus)
501 1973 587 2033 uubis
621 1974 771 2035 exitiosae.
836 1974 891 2037 llle
918 1974 1039 2057 Legem
1069 1980 1183 2063 religb

161 2078 273 2136 nariam
322 2076 445 2135 infinitis
487 2074 631 2135 lutimatis
675 2074 956 2154 diminutionibus,
1007 2078 1183 2145 Rem-iotis

160 2181 248 2240 uibus
293 2178 462 2259 perfringit.
513 2177 568 2238 lile
597 2183 767 2240 constanter
794 2179 833 2257 ad
860 2179 959 2260 legem
984 2186 1184 2261 provocanda,

161 2283 193 2341 in
224 2281 426 2361 applicatione
457 2279 516 2358 legi
548 2280 700 2340 arbitrium
734 2280 895 2343 substituit.
953 2282 1009 2345 llle
1032 2298 1131 2353 cavet
1159 2308 1186 2350 ιι
1215 2316 1222 2355 ·,

160 2401 268 2465 preces
296 2389 416 2443 nostrae
438 2381 475 2440 ad
501 2383 640 2442 thronum
668 2388 847 2461 penetrent,
879 2402 953 2445 neue
984 2406 1026 2448 eo
1056 2390 1176 2470 perlata
1220 2468 1223 2479 Ι

161 2486 324 2546 audiantur.
360 2483 414 2543 Ille
434 2482 560 2562 impedit
580 2484 734 2562 quominus
756 2484 833 2545 Acta
855 2485 968 2564 Syuudi
996 2498 1076 2551 aute
1103 2494 1188 2555 hoca

160 2588 305 2647 sumnus
315 2586 494 2659 celebratae,
516 2586 628 2665 regiam
652 2586 894 2648 nanciscerentur
919 2588 1188 2657 confirmationes.

161 2689 261 2749 Etiam
287 2688 330 2747 lu·
350 2688 550 2767 magistratus¹
566 2685 679 2747 ordinis
707 2687 860 2750 inferioris
889 2692 1003 2751 tautum
1038 2702 1093 2757 est
1118 2686 1191 2761 clau

162 2796 363 2864 momentum,
391 2796 425 2849 ut
445 2788 490 2848 illi
510 2788 598 2869 hujus
617 2788 735 2850 favores
758 2796 789 2850 et
809 2791 1047 2856 benivolentiam
1071 2794 1192 2883 captant

164 2891 370 2971 detorquendo
392 2910 482 2971 saepe
502 2892 688 2971 iniquissime
709 2911 830 2953 scusum
853 2892 953 2974 legum
974 2897 1070 2959 uubis
1094 2892 1194 2983 patro

165 2995 328 3056 cinautium
359 2992 537 3073 opponendo
567 2994 779 3073 impedimenta
805 2995 837 3054 iu
863 2994 998 3075 legibus,
1034 3002 1077 3062 ad
1113 3024 1195 3069 mm

163 3098 266 3159 obuius
288 3094 697 3175 traducendis,‚prutegeudo
719 3101 750 3155 et
770 3096 906 3175 impunes
925 3096 1120 3168 dimittendo
1140 3129 1197 3183 eas,

67 3230 72 3247 ι
162 3200 214 3279 qui
240 3202 361 3258 nostras
386 3194 543 3257 libertates
570 3193 751 3256 labefactant
779 3197 925 3275 uobisque
946 3200 1099 3268 acerbam
1122 3210 1197 3273 iula-

162 3308 232 3362 ruut
251 3299 405 3380 injuriam,
427 3288 641 3376 supprimendo
650 3296 810 3377 Rescripta
831 3300 1000 3379 principum
1024 3309 1125 3373 nobis
1144 3314 1206 3379 uti.¹

163 3401 218 3477 lla,
240 3398 385 3461 tardando
405 3398 535 3478 denique
554 3399 585 3460 iu
605 3400 805 3479 exsequendis
825 3398 974 3462 Maudau's
995 3410 1126 3488 regim,
1150 3434 1199 3477 Μ.

164 3504 211 3563 bis
233 3499 471 3580 suifragantibus.
818 3490 822 3507 ¹

164 3630 167 3635 ·
250 3601 434 3662 Incredibilis
464 3606 514 3661 est
541 3602 625 3682 copia
651 3601 812 3678 malorum,
845 3624 921 3683 quae
941 3604 1121 3677 hodiedum
1143 3604 1199 3681 aab

166 3707 287 3788 quidem
307 3722 427 3778 omues,
449 3703 633 3793 etsiugalus
655 3704 858 3780 Nostratium,
889 3726 987 3788 neque
1009 3712 1138 3796 ubique
1158 3720 1199 3781 ιο.

165 3816 283 3883 cu'rum,
304 3806 361 3866 sed
381 3811 479 3866 minen
500 3805 601 3866 babitu
616 3806 774 3867 Ecclesiae
793 3814 912 3869 nostrae
928 3811 1051 3874 ratione
1074 3818 1110 3881 iu
1134 3824 1199 3883 uui.

165 3928 300 3985 nuum,
320 3924 376 3969 nos
396 3912 544 3988 premunt

251 4009 316 4073 Lex
335 4026 531 4089 nosquoque
551 4028 705 4093 munerum
725 4022 851 4092 capaces
871 4015 1105 4093 pronunciavit:
1139 4026 1197 4087 No
