2544 4694
627 340 672 405 os

140 506 193 569 illa
213 524 387 591 oppugnare
408 507 457 571 vel
476 508 620 573 relatore.
662 510 697 573 ln
716 510 854 575 omnibus
875 511 966 591 locis,
987 532 1069 597 quaa
1090 532 1175 579 anno

140 610 224 671 1681
242 612 505 697 juresaororum,
525 612 624 694 palam
645 612 837 675 colendorum
850 616 1020 703 horrebant,
1040 617 1098 679 illa
1114 619 1176 681 tol-

138 712 262 789 lentur.¹
285 713 457 775 Ministario
488 720 630 792 vacante,
660 716 733 776 nulli
763 718 862 779 coetui
887 716 936 781 fas
956 718 997 781 sit
1014 718 1120 781 inscio
1142 728 1178 784 at

139 807 239 879 invito'
251 813 357 897 Rege,
376 834 483 879 novrnn
503 815 674 878 Mirdstrum
695 817 896 881 introducere.
936 818 981 883 Ut
999 838 1078 882 varo
1099 841 1178 903 par-

136 920 216 983 mitti
236 924 327 1001 queat
340 919 415 999 novi
426 918 560 981 Ministri
582 919 730 999 cooptatio
751 926 855 981 coetus
869 919 1000 1002 probare
1013 928 1178 1003 tencatur,

138 1022 238 1085 locum
265 1020 332 1102 cjus
364 1038 434 1083 esse
464 1019 663 1083 articularem.
714 1020 776 1081 lmo
806 1022 957 1085 articulari
984 1025 1080 1087 ctiam
1101 1026 1179 1091 loco

137 1124 277 1207 publicus
299 1142 452 1195 sacrorum
473 1142 545 1183 usus
566 1129 703 1204 negetur,
725 1124 752 1183 si
773 1123 811 1185 ad
831 1125 917 1187 unim
937 1125 1032 1189 horae
1051 1126 1178 1199 distau-

138 1229 212 1289 tiam
230 1226 307 1289 alter
328 1225 415 1289 adest
435 1225 529 1301 locus,
550 1225 669 1306 publico
690 1224 842 1306 roligionis
858 1228 1000 1289 exercitio
1015 1228 1176 1309 gaudens.

51 1322 57 1347 ¹
122 1322 382 1393 'Resoludonibus
405 1327 550 1408 denique,
580 1347 704 1407 quarum
724 1330 901 1389 auctoritate
918 1329 971 1410 jus
991 1331 1180 1394 nominandi

126 1429 310 1493 'Ministrum
339 1428 530 1505 conceditur,
562 1429 709 1491 torenna
735 1430 881 1510 particula
902 1430 1010 1495 adhuc.
1055 1432 1177 1497 Nullrm

137 1532 177 1595 ad
197 1534 330 1595 cilicium
358 1532 472 1595 Judicis
503 1533 699 1595 Assessorum
728 1537 760 1593 at
780 1530 958 1595 Senatorum
979 1533 1177 1613 admittatur,

136 1636 195 1697 nisi
210 1636 296 1718 juret
316 1655 371 1716 per
392 1636 422 1697 b.
443 1633 597 1716 Virginem
613 1635 740 1698 Mariam
761 1642 793 1697 et
809 1654 912 1696 omncs
928 1635 1068 1698 Sanctos.
1090 1637 1178 1699 Nul-

141 1736 188 1799 lus
211 1737 385 1799 causidicus
405 1737 597 1799 Aoatholicus
626 1738 813 1817 permitnorr
833 1755 925 1816 agere
945 1736 983 1798 ad
1005 1736 1178 1801 croceus-

136 1839 212 1901 riam
233 1837 377 1915 aulicam,
407 1838 445 1901 ad
466 1837 596 1899 Tabulas
617 1837 742 1919 Regiam
763 1844 795 1898 et
815 1836 1036 1900 Districtuales.
1084 1839 1177 1911 Gon-

137 1940 278 2018 suctudo,
300 1959 376 2021 quae
396 1941 427 2001 in
447 1939 595 2001 nonnullis
617 1938 812 2001 comitatrbus
834 1945 865 2000 at
882 1938 1061 2001 Civitatibus
1084 1942 1180 2005 oona

137 2048 190 2105 net
210 2041 404 2123 Magistratus
425 2062 482 2124 per
502 2044 598 2119 vices,
629 2041 702 2103 viris
724 2041 860 2102 diversae
879 2042 1032 2123 religionis
1055 2044 1175 2109 confe-

135 2146 241 2221 rendi,
270 2144 319 2207 vel
345 2146 411 2226 pari
438 2163 562 2206 numero
590 2162 627 2205 ex
647 2144 766 2225 utrique
787 2142 976 2205 confessioni
996 2144 1173 2227 adscriptis

134 2247 307 2309 muneribus
329 2246 519 2335 admouendi,
539 2245 669 2307 tolleitur.
701 2244 803 2326 Ipsum
822 2246 1043 2325 instaurationis
1065 2266 1174 2331 nego-

134 2351 208 2411 tium
237 2351 377 2412 credatur
405 2332 531 2410 rectioni
551 2349 607 2408 viri
627 2346 790 2423 Gatlrolici,
820 2347 977 2409 Ecclesiae
998 2367 1073 2410 snae
1095 2356 1174 2413 stu-

134 2554 306 2615 disorimine
326 2554 476 2614 interesse
496 2571 556 2612 non
577 2551 673 2613 solum
694 2552 884 2613 concionibus
903 2550 1080 2629 Catholicis,
1106 2554 1173 2617 aed

54 2708 64 2728 ,
133 2656 224 2719 etiam
246 2655 530 2717 obambulationibus
548 2654 641 2714 sacris
659 2649 937 2736 (processionibus),
958 2654 1174 2737 omnibusque
1199 2714 1202 2719 ,

131 2759 254 2841 pietatis
276 2758 434 2819 exercitiis.
482 2757 542 2833 Qui
561 2762 664 2817 contra
685 2757 820 2841 egerunt,
850 2755 954 2836 primis
976 2748 1099 2819 duabus·
1119 2761 1172 2823 si-

131 2861 217 2923 cibus
238 2859 428 2932 mulctentur,
449 2857 538 2919 tertia
560 2859 680 2918 nomina
698 2877 800 2918 eorum
822 2875 860 2917 ex
878 2856 956 2919 Albo
978 2863 1083 2919 coetus
1111 2880 1172 2923 ex·

131 2969 331 3053 ppngatrtur,
352 2961 624 3042 prohibeanturque
645 2959 799 3022 tractando
821 2952 951 3041 opificio.
993 2958 1078 3020 Nulli
1108 2982 1171 3025 ex-

77 3082 80 3089 ·
132 3071 239 3129 banco
269 3064 444 3127 Acatholico
481 3062 652 3122 conferatur
685 3061 739 3142 jus
771 3062 913 3137 civitatis,
955 3067 1007 3122 aut
1038 3061 1170 3147 collegii

90 3160 112 3220 .’
131 3162 274 3255 (Zunit);
303 3168 363 3228 imo
393 3184 432 3225 nc
459 3164 497 3227 ad
524 3163 743 3231 matrimonium
772 3164 892 3242 quidem
920 3163 1169 3231 contrahendum

130 3270 322 3332 admittantur
339 3267 493 3349 peregrini
510 3264 691 3346 Evangelici.
719 3264 753 3325 ln
773 3265 877 3325 militia
897 3265 1066 3327 Anatholici
1087 3268 1167 3331 offi-

130 3372 185 3433 ciis
215 3371 385 3452 promiscue
415 3387 476 3429 non
507 3368 728 3448 praeficiantur.
769 3366 863 3427 Iidem
885 3367 1038 3428 decretum
1060 3372 1165 3448 quod-

130 3476 211 3557 piam
232 3475 263 3533 in
284 3492 373 3534 causa
393 3470 545 3551 religionis
566 3469 716 3550 proditum
736 3469 898 3549 migrantes
914 3469 1032 3549 publico
1052 3489 1165 3535 samo-

129 3596 195 3641 rum
216 3595 273 3636 usu
293 3575 463 3655 priventur,
496 3571 691 3652 Magistratus
721 3576 820 3631 autem
840 3572 978 3633 mandata
998 3573 1163 3639 remissius

130 3683 351 3760 exsequentes,
382 3675 522 3755 legitimis
544 3673 700 3754 suppliciis
722 3676 925 3735 codrceantur.
967 3674 996 3735 A
1029 3673 1164 3741 Cancel-

129 3781 204 3842 laria
225 3779 396 3858 Hungarica
417 3794 520 3837 omnes
541 3775 711 3837 Anatholici
730 3775 865 3854 Agentes
886 3784 1054 3838 arceantur.
1086 3777 1164 3843 Ma-

57 3930 62 3937 -
130 3883 270 3947 trimonia
291 3898 467 3963 sponsorum
487 3879 596 3939 mutae
616 3876 769 3957 religionis
790 3878 1027 3965 impediantur..
1122 3920 1126 3929 .

216 3983 293 4047 Cum
313 3968 449 4063 Reginca
463 3980 593 4045 consilia
612 3979 690 4044 lrsec
711 3998 771 4043 non
791 3979 1006 4069 displicerent,
1028 3980 1161 4049 Nostra.
