2544 4694
536 340 739 433 „3⁴3-

129 512 209 589 ntur,
231 511 270 575 ad
287 511 414 593 'lempla
434 512 462 573 ei
482 508 627 573 tradenda
647 509 847 591 permovendi.
877 510 946 575 Sed
956 512 1050 595 quod
1065 512 1101 575 lai
1115 514 1160 577 im·

128 616 201 677 moti
222 620 393 693 perstarent
413 634 508 694 unque
529 615 560 673 in
581 619 734 694 posterum
752 614 842 689 diem,
865 634 920 691 coe
936 617 1020 697 qnid
1042 626 1160 699 agerent

130 717 316 795 recogitare,
348 723 380 776 et
410 722 473 776 tum
495 716 565 794 quid
595 715 710 775 concilii
740 718 877 796 ceperint
897 718 959 779 eibi
982 718 1159 799 patefacere

126 818 228 899 juaait.
271 816 328 877 Die
354 818 523 897 insequenti
556 816 664 879 Comen
694 837 761 878 cum
787 820 877 880 sociis
896 840 1096 901 responsum
1116 822 1159 883 da·

131 926 216 981 turns
237 919 268 977 in
290 917 428 997 capitulo
449 938 519 979 nese
540 920 629 995 stitit,
662 919 718 979 aed
737 922 909 999 priuaqnam
931 922 972 983 ad
998 923 1158 1005 alloquin!

132 1018 301 1100 Praepositi
322 1019 428 1079 fuisset
449 1019 613 1095 admissus,
639 1019 785 1099 perlatum
808 1021 1058 1102 tritennarium,
1092 1024 1158 1087 Cac-

130 1142 234 1185 aareoa
263 1143 281 1183 a
307 1120 504 1201 Rotsltayauie
533 1130 656 1204 propter
682 1122 834 1185 Tibiscum
855 1126 893 1185 ad
914 1127 1158 1189 internecionem

133 1244 203 1287 ease
232 1224 365 1299 deletos,
400 1230 432 1284 et
457 1225 520 1307 jam
541 1226 719 1306 Scepneinm
739 1247 859 1303 tersus,
880 1228 1159 1311 Arclri-Epiaccpi

131 1328 341 1409 intercipiendi
372 1332 482 1411 gratia,
514 1348 683 1409 properare.
745 1328 906 1390 Rumonem
935 1331 1071 1393 huncce
1100 1351 1159 1393 cun
1195 1376 1198 1381 -

131 1430 210 1495 alter
241 1452 358 1514 quoque
388 1432 572 1493 Tabellariua
601 1432 806 1507 confirmaret,
838 1431 955 1493 Petlteii
974 1432 1085 1495 -rebut
1106 1434 1158 1497 auia

132 1555 261 1618 propere
282 1536 463 1609 convasatis,
490 1533 616 1596 salutem
635 1534 667 1593 Ιιι
687 1533 758 1613 lnge
778 1535 939 1613 quaecivit3
962 1534 1158 1615 Capitulum

135 1639 260 1700 veroin
282 1657 381 1698 arcem
403 1637 631 1716 Sccpuaiencem
653 1655 722 1697 aeae
742 1641 930 1717 receperunt.
961 1635 1013 1697 lta
1034 1636 1160 1719 Tempb

135 1738 297 1801 Tredeeim
317 1738 473 1818 Oppidana
493 1771 537 1783 -
557 1739 584 1798 si
603 1737 735 1817 pericula
755 1737 786 1798 in
808 1756 930 1798 censum
952 1756 1070 1813 vocea,
1094 1758 1160 1821 quae

133 1842 172 1902 iia
194 1862 211 1901 ιι
231 1840 345 1899 Joenne
372 1846 403 1899 et
431 1838 562 1919 casparo
589 1838 834 1919 Metziejowszlty
865 1838 1109 1919 impendebant,
1125 1872 1158 1887 -

130 1941 196 2023 jan
216 1942 337 2003 tertium
357 1940 544 2001 Nostratibua
565 1940 645 2000 salva
666 1959 813 2001 mansere.

220 2043 267 2104 Ab
296 2061 334 2104 eo
361 2050 495 2122 tempore
521 2040 680 2103 'l'redecim
701 2042 884 2123 oppidorum
903 2040 1047 2107 Paroclri
1070 2044 1158 2109 Ειιι

135 2145 241 2227 gelmi,
271 2144 451 2225 aliquamdiu
479 2146 516 2205 ab
543 2145 704 2224 impetibus
725 2145 960 2205 adversariorum
979 2144 1107 2225 liberi,
1135 2154 1159 2211 d

134 2253 288 2327 poterant,
311 2248 422 2327 optime
442 2247 532 2307 rebus
554 2247 615 2306 auia
636 2245 792 2306 consulere
812 2245 1044 2311 adnitebcntur.
1076 2280 1082 2293 =
1103 2250 1159 2313 Hor

132 2349 256 2433 coneilio
269 2366 298 2407 c.
307 2348 388 2407 1610
397 2348 538 2428 lb‘piomc
551 2367 570 2405 a
581 2346 846 2428 Georgicl'burzq
864 2347 965 2426 Regni
974 2349 1159 2433 Hungariae
1191 2354 1199 2369 ''

133 2447 302 2527 Pro-llege,
323 2449 530 2527 impetrarunt,
551 2468 608 2527 qno
628 2467 687 2506 non
708 2449 804 2508 aolmn
825 2449 863 2508 de
882 2448 983 2510 libero
1002 2471 1160 2517 sacroru

135 2569 191 2609 usu
212 2550 249 2609 iis
271 2554 388 2608 canutum
409 2548 483 2621 luitq
514 2551 568 2613 sed
599 2557 629 2609 ct
650 2549 801 2628 privilegia
821 2568 943 2623 eorum,
981 2557 1160 2621 nomina&
1196 2590 1199 2597 ·

134 2650 173 2709 ad
201 2650 376 2711 facultatem
405 2650 551 2723 testandi,
583 2649 772 2729 decimaeque
801 2649 939 2729 exigendi
962 2656 1159 2735 pertinendi,

135 2751 393 2824 confirmabantur,
415 2757 504 2829 atque
525 2751 825 2829 Superinteudentem
844 2751 978 2826 creandi,
1002 2754 1159 2823 Conuicto

135 2854 238 2932 riaqne
266 2853 401 2932 erigendi
423 2859 572 2932 potestne,
604 2854 797 2913 tribuebatur.
837 2851 935 2911 Fauor
957 2853 1060 2921 hicce
1082 2880 1159 2942 pnn-

135 2954 200 3014 buit
220 2955 405 3014 occasionem
425 2951 558 3031 Synodn
580 2972 685 3013 naccae
706 2953 854 3013 cantuario
875 2972 959 3013 annno
982 2957 1084 3025 1614
1111 2960 1160 3025 Vni

137 3054 211 3114 radii
229 3053 448 3127 celebrandae,
480 3074 554 3133 qnae
577 3052 714 3113 Curiones
736 3054 849 3132 Sqnodi
872 3055 1061 3141 Subnectam,
1097 3078 1161 3127 ιἰιι

135 3156 253 3217 nullia'
243 3176 275 3217 an
296 3156 411 3235 punctis
432 3156 616 3228 immutatoS‚
636 3155 779 3243 probarit,
802 3156 935 3254 duosque
959 3159 1161 3243 Superfutu-

138 3259 244 3319 dentes
265 3258 434 3331 constituit,
456 3256 579 3318 alterum
603 3255 646 3316 all.
671 3256 799 3316 Petrum
823 3244 901 3316 anl
889 3258 1030 3336 dferam
1061 3266 1162 3333 Puta

136 3380 201 3422 rem
222 3360 520 3435 Leutscltoviensem‚
553 3359 689 3438 Quinque
716 3358 833 3419 Liberis
854 3359 1030 3442 Regiisque
1056 3368 1162 3435 civita

136 3463 232 3536 tibus,
263 3462 390 3522 alterum
412 3460 604 3542 Stephanum
627 3460 823 3540 thcredrnm
843 3461 1039 3531 Viralienais
1064 3478 1161 3541 eoem

135 3565 215 3625 eacri
245 3563 435 3637 Mannum,
466 3562 588 3641 reliquis
619 3564 751 3623 coetibus
779 3583 835 3643 per
867 3564 1164 3651 Scepuaieneemct

139 3666 358 3727 Samssiensem
381 3663 561 3740 Comitatus,
582 3666 823 3746 praeficiendum.
856 3665 1017 3744 Xylandcr
1043 3682 1164 3757 penate

138 3767 285 3827 electione
313 3767 344 3826 in
364 3765 640 3846 Superintendeutis
661 3786 765 3827 munus
788 3770 886 3828 statim
907 3769 1165 3850 incogruum:

136 3869 258 3930 Zableri
277 3887 348 3929 vero
370 3868 553 3954 consecratio
573 3868 605 3926 in
633 3866 711 3927 diem
731 3866 782 3927 28.
807 3867 887 3930 Junii
914 3869 1075 3948 ejusdem·
1102 3880 1165 3943 amni

138 3970 228 4033 dilata
253 3970 319 4033 tuit.
369 3970 530 4031 Enimvero
561 3968 713 4049 Xylander
745 3969 1035 4049 Superintendeutis
1065 4002 1166 4065 neque
