2544 4694
534 383 735 481 ...E-

126 561 242 623 aioncm
280 556 513 620 ecclesiasticam
548 538 686 618 coctanm
714 553 1144 636 peracturoa,'b1iniatrorum

128 662 294 723 doctrinam
321 666 353 721 et
380 678 479 727 morea
500 659 689 737 inspecturos
709 656 775 716 nrt.
798 656 826 715 1.
849 654 933 716 Gom.
953 656 1023 716 anni
1044 657 1144 730 loom

131 762 265 824 Articulo
286 763 316 821 l.
344 760 428 821 Com.
450 760 519 819 anni
549 758 648 831 16183
675 757 741 818 Art
758 755 806 817 {aa
834 757 936 829 1647,
969 757 1144 837 Diplomatia

128 863 312 925 Fordinandi
327 862 363 921 ll.
385 861 480 920 Cond.
493 860 521 919 1.
531 865 562 920 et
569 860 617 932 o.;
638 858 818 919 Fordinandi
829 857 877 918 llI.
901 859 949 934 1.;
970 852 1144 938 Leopoldil.

132 966 162 1025 1.
174 971 206 1024 et
216 960 272 1046 o).
300 964 442 1023 Attamen
462 959 617 1021 Resolntio
639 948 778 1019 carolina
797 959 908 1039 ttrlpr.
931 960 1012 1021 1631
1035 961 1146 1041 Super-

125 1066 316 1135 intendentea
333 1064 404 1144 jure
426 1082 529 1123 canaan
558 1062 742 1123 matrimonii
757 1061 954 1140 cognoscendi
981 1068 1013 1124 et
1043 1069 1146 1125 coetus

129 1167 301 1247 spectandi,
323 1165 413 1227 exuit.

213 1267 279 1327 Lex
307 1266 497 1327 Nostratibun
514 1266 734 1335 ,auctoritatem
754 1265 829 1326 fecit
850 1267 1045 1344 querimonias
1067 1285 1147 1327 com-

87 1442 91 1449 ·
135 1369 290 1453 mnnesnin
311 1368 437 1447 publicis
458 1369 544 1447 regni
567 1367 705 1443 Comitiia,
715 1368 902 1448 proponendi
918 1364 1058 1451 (Diplom.
1073 1367 1148 1429 Fer-

131 1469 252 1531 dinaudi
272 1467 323 1529 lll.
346 1467 442 1529 (lond.
462 1469 504 1543 4,
524 1467 670 1547 Leopoldi
679 1466 701 1527 1.
725 1467 818 1528 Cond.
841 1469 888 1542 1.;
909 1468 974 1528 Art.
998 1469 1047 1529 lt).
1065 1468 1182 1529 Coma

128 1590 178 1633 aa.
199 1570 302 1645 loom
322 1571 389 1633 arc
412 1570 483 1631 1a.=
505 1566 613 1653 lona).
647 1569 709 1631 sn
739 1570 860 1631 senna
882 1554 1024 1649 lempna
1041 1570 1150 1631 aaran

134 1671 353 1752 Rescriptaque
384 1671 572 1733 Nostratibna
604 1660 773 1763 libertatem
802 1671 973 1752 abjudicant
1004 1674 1150 1733 communi

129 1775 250 1835 nominc
273 1775 337 1835 aive
357 1774 397 1837 ad
423 1772 564 1848 Comitia,
586 1773 648 1833 aive
668 1774 707 1833 ad
727 1773 867 1833 thronum
887 1773 1086 1855 profugiendi.

177 1858 182 1869 ¹
216 1875 282 1936 Lex
303 1875 439 1937 omnibus
459 1873 558 1955 Regni
578 1874 700 1949 incolis,
721 1874 881 1953 Hungaria,
903 1874 1070 1951 Germania,
1091 1876 1151 1936 Ro-

136 1977 235 2039 hemis
264 1983 302 2037 et¹
325 1976 420 2037 Slavia
450 1977 566 2041 reniam
591 1975 674 2036 dedit
694 1976 726 2034 in
746 1976 881 2037 omnibus
902 1975 968 2036 Lib.
990 1977 1152 2059 Regiiaque

139 2097 176 2139 ac
195 2079 345 2145 Montania
365 2076 540 2139 Civitatibus
562 2083 593 2137 et
610 2076 736 2157 Oppidis
757 2078 822 2138 aine
843 2076 904 2137 ullo
925 2079 1076 2158 religionis
1104 2079 1152 2141 vel

140 2180 268 2240 nationis
297 2179 596 2261 diacdmine,domoa
626 2184 658 2240 et
684 2178 793 2239 fundos
815 2180 950 2255 emendi,
980 2200 1077 2259 poena
1108 2181 1153 2242 bia

139 2280 223 2341 mille
243 2279 337 2342 Vllor.
358 2281 389 2340 in
410 2299 481 2356 eoa,
509 2280 559 2360 qui
580 2281 681 2342 obices
702 2287 864 2360 ponerent,
896 2288 1024 2343 statuta:
1050 2282 1154 2343 Enim-

137 2401 208 2443 vero
230 2389 333 2445 contra
353 2381 431 2443 hanc
451 2381 528 2461 legia
550 2383 735 2458 sententiam,
755 2380 906 2443 nonnullis
926 2382 1100 2445 Civitatibus
1122 2392 1155 2445 et

138 2483 263 2564 Oppidia
286 2482 440 2563 privilegia
460 2488 530 2543 aunt
550 2502 701 2558 concessa,
722 2503 847 2562 quorum
866 2485 1042 2546 auctoritate
1054 2485 1153 2546 Eran-

137 2585 229 2666 gelici
248 2607 267 2646 a
287 2585 414 2647 civitatis
430 2585 503 2666 jure
523 2584 772 2660 excludebantur,
793 2585 873 2646 unde
893 2587 1001 2662 tiebat,
1023 2594 1056 2648 ut
1076 2589 1102 2649 ci
1123 2589 1154 2649 in

138 2687 212 2747 locia
232 2687 341 2749 talibua
371 2686 453 2747 bona
474 2686 639 2765 immobilia
665 2687 704 2747 ad
732 2707 783 2748 eoa
805 2686 892 2749 luere
913 2688 1058 2766 devoluta,
1078 2690 1154 2753 buco

138 2787 334 2851 Resolutiona
354 2786 409 2849 25.
432 2788 516 2871 Sept
539 2789 623 2851 lton
643 2789 813 2851 venundare
829 2790 1016 2871 juberentur.

547 3027 775 3047 man—nun·

229 3195 316 3272 Quod
332 3196 397 3278 jam
415 3197 455 3261 ad
482 3198 681 3261 recentiorem
696 3176 837 3260 aetatem
865 3199 986 3276 attinet,
1018 3200 1095 3280 grati
1126 3202 1158 3261 in

130 3295 242 3373 ,baum
273 3301 459 3376 agnoscimur
480 3299 643 3380 Joaepbum
663 3299 708 3376 11,
737 3299 921 3381 Leopoldum
948 3300 983 3362 ll.
1012 3309 1044 3363 et
1063 3301 1157 3364 Fran-

143 3399 256 3460 ciacum
277 3398 309 3471 l.¹
330 3403 411 3462 omni
438 3404 537 3465 studio
567 3409 599 3465 et
630 3403 817 3464 contentione
847 3404 880 3464 in
909 3404 1040 3480 damnis,
1071 3405 1159 3467 nobis

143 3507 312 3581 temporum
332 3502 440 3583 injuria
460 3505 550 3566 illatis
570 3504 745 3585 reparandis
767 3503 951 3580 elaboratam
972 3506 1159 3587 fatemurque

144 3621 198 3663 nos
228 3623 333 3665 eorum
364 3604 535 3668 liberalitati
565 3615 596 3669 ct
623 3607 798 3673 clementiae
828 3606 982 3669 innumera
1002 3608 1160 3680 beneficia,

145 3724 273 3784 quorum
301 3708 472 3768 memoriam
495 3709 590 3788 piam:
621 3708 701 3768 nulla
723 3710 866 3789 temporis
888 3708 1064 3772 diuturnitas
1085 3710 1161 3771 obli-

144 3808 265 3882 terabit,
284 3808 401 3870 referre
422 3817 554 3889 accepta.
584 3809 692 3871 Celare
713 3816 811 3871 tamen
832 3830 891 3871 non
907 3830 1064 3890 poaaumna
1079 3810 1162 3873 Cleri

146 3906 249 3987 culpa,
271 3910 356 3989 cnjus
376 3911 548 3971 indomitam
568 3910 718 3975 licentiam
747 3918 778 3972 et
798 3931 854 3973 noa
875 3913 1044 3992 exagitandi
1064 3912 1162 3977 libidi-

145 4026 231 4084 nem,
263 4028 303 4073 nc
333 4009 450 4091 Regum
470 4011 590 4092 quidem
611 4011 753 4075 cobibcre
772 4032 1026 4094 compescereqne
1045 4021 1164 4095 poterat
