2544 4694
542 436 744 452 ——o-

136 522 196 587 llle
214 531 264 586 est
284 523 402 604 sanguis
422 539 506 584 meus
528 522 579 603 qui
599 542 655 603 pro
676 523 759 585 vobis
778 520 967 584 effunditur.
1020 520 1152 601 Unanpro

136 626 267 686 manium
289 624 435 699 coenam,
465 623 530 686 sive
560 625 683 687 Missam
714 621 769 707 (nt
788 620 927 707 vocant)
966 623 1103 703 quolibet
1119 623 1153 683 da

130 726 216 787 insto
245 724 447 802 celebrantes,
478 728 657 807 porrigimus
687 727 809 808 singolis
840 732 895 787 sut
924 725 1092 806 pluribus,
1117 725 1167 804 qai

137 846 236 889 coram
268 827 430 889 Sacerdote
459 829 605 889 rationem
634 827 706 888 fidei
735 846 807 888 suae
828 827 1009 887 reddentes
1031 825 1152 887 emmde

134 929 249 990 tionem
269 930 348 991 vitea
368 931 561 1009 promittant,
590 935 753 1009 petuntque
773 928 1033 1002 consolationem,
1055 926 1152 987 absol*

134 1030 246 1091 tionem
266 1034 299 1091 et
318 1030 348 1091 in
375 1032 628 1090 confirmationem
655 1029 726 1089 fidei
754 1048 825 1090 snae
855 1047 953 1089 usum
985 1027 1150 1089 venerabli

135 1129 329 1191 Sacramenti.
367 1129 460 1191 lubet
480 1132 560 1191 enim
581 1129 723 1191 llominus
736 1128 820 1190 Coeli
845 1135 878 1190 ct
887 1128 1032 1204 Terrae,
1053 1130 1150 1209 nep·

134 1233 179 1292 uti
198 1232 390 1294 Sacramento
410 1232 500 1311 idque
520 1233 687 1293 mandatum
717 1231 767 1291 dat
787 1230 941 1309 omnibns.
992 1231 1040 1291 Et
1062 1229 1148 1291 Paula
1185 1214 1187 1225 ¹

137 1330 359 1394 corindriorum
398 1332 553 1393 Ecclesiae
590 1350 674 1393 usum
707 1332 817 1411 integri
850 1330 1057 1392 Sacramenti
1089 1350 1147 1392 can

134 1435 263 1510 mendat,
278 1435 364 1515 juxta
382 1434 495 1494 dictum
511 1433 668 1513 Augustini
682 1434 714 1493 in
730 1433 826 1493 Serm.
849 1416 888 1492 ad
907 1432 1070 1495 infantes:
1089 1431 1146 1514 qual
1184 1484 1187 1489 .

135 1537 251 1599 vidistis
272 1538 357 1617 panis
379 1543 426 1598 est
447 1536 543 1612 calix,
573 1536 653 1615 quod
673 1536 756 1596 vobis
777 1535 855 1595 ocruli
876 1536 977 1596 etiam
1000 1536 1101 1597 nostri
1115 1553 1146 1595 re·

132 1639 292 1711 nunciant,
332 1637 411 1717 qnod
437 1643 536 1701 autern
565 1638 643 1699 tides
672 1645 771 1699 vestre
801 1636 938 1717 postulet
978 1637 1145 1711 instruend,

134 1740 219 1819 panis
241 1745 289 1800 est
305 1758 413 1819 corpus
428 1738 550 1816 christi,
573 1738 657 1800 Galix
675 1739 803 1818 sanguis.
828 1737 998 1819 Chrysost.
1016 1738 1145 1800 Homlt
1181 1726 1187 1751 ²

7 1905 12 1911 ,
134 1840 165 1901 in
184 1840 384 1919 posteriorem
404 1839 443 1901 ad
464 1830 598 1901 ¹(iorinth.
640 1840 697 1901 Est
717 1840 768 1901 ubi
789 1839 864 1899 nihil
886 1836 1003 1902 differt
1025 1840 1145 1903 sacerdos

133 1959 154 2001 a
173 1940 309 2016 subdito,
340 1946 373 1999 ut
399 1940 515 2020 qnando
536 1941 696 2000 fruendum
716 1939 969 2001 enumerandis
994 1941 1144 2020 mysteriis

134 2041 272 2103 similiter
292 2042 371 2102 enim
393 2058 495 2102 omnes
522 2047 556 2102 nt
576 2041 628 2101 illa
648 2041 860 2120 participemus
891 2039 986 2121 digni
1008 2043 1144 2113 habemur,

133 2160 191 2204 non
213 2144 291 2204 sicut
310 2144 341 2203 in
371 2129 466 2204 veteri
485 2142 570 2222 Lege
588 2150 705 2222 partem
727 2142 845 2222 quidem
876 2144 1034 2206 sacerdos
1068 2162 1144 2207 cone

133 2245 240 2321 debat,
261 2251 376 2327 partem
397 2249 494 2305 autem
516 2244 664 2327 populus,
686 2249 717 2303 et
737 2262 796 2305 non
816 2243 931 2309 licebat
954 2245 1144 2328 populoprr·

131 2347 254 2427 ticipem
275 2366 343 2408 esse
364 2366 488 2421 eorum,
510 2367 633 2427 quorum
653 2349 804 2428 particeps
824 2353 891 2410 erat
911 2350 1090 2427 sacerdos,
1108 2345 1145 2411 sd

133 2464 211 2507 nuuc
231 2465 291 2508 non
311 2448 375 2523 sic;
403 2468 504 2509 rerum
524 2437 659 2510 orionibus
681 2468 771 2509 unum
792 2468 900 2529 corpus
922 2454 1145 2533 proponiturct
1183 2436 1186 2443 ¹

127 2564 223 2607 unum
243 2548 390 2628 poculum.
432 2549 474 2610 nt
493 2549 588 2610 fuisse
608 2549 852 2611 consuetudinem
872 2551 960 2613 banc
977 2555 1015 2615 in
1027 2553 1146 2617 nadad

95 2722 102 2729 ,
131 2647 240 2711 docent
261 2650 417 2710 conciones
437 2651 573 2729 usitatae.
612 2650 725 2727 Quibus
747 2652 802 2712 sub
823 2652 894 2712 bina
915 2658 1146 2734 speciecarnu

123 2747 217 2809 dedit
254 2757 287 2812 et
314 2751 486 2830 sanguinem
516 2753 561 2810 uti
587 2738 697 2830 duplici
725 2753 890 2813 substantia
918 2758 1029 2818 totum
1052 2759 1146 2820 enas

130 2849 282 2912 hominem
311 2859 367 2913 etc.
428 2853 469 2914 Et
498 2854 565 2935 quia
593 2852 730 2915 Christus
756 2855 894 2947 mandat,
916 2864 964 2918 nt
1000 2860 1042 2922 ad
1074 2860 1146 2940 huj·

132 2951 317 3013 sacrementi
347 2953 629 3016 administrationem
662 2956 842 3036 adjungatur¹
868 2962 1028 3020 memoria
1060 2959 1146 3025 mab

123 3071 221 3128 ‘snae‚
242 3060 361 3134 praeter
381 3057 503 3117 usitatas
529 3058 685 3119 conciones
706 3057 866 3133 adduntur,
889 3060 1010 3138 quibus
1032 3063 1145 3123 fiderat

133 3157 245 3216 caeteri
281 3157 375 3218 cultu
410 3158 577 3239 spirituales
605 3159 638 3218 in
668 3160 839 3239 pectoribus
859 3153 1145 3229 hominnmaocee

19 3263 23 3279 ¹
132 3255 251 3319 duntur.

463 3513 514 3575 xl.
542 3515 592 3578 Dc
615 3517 816 3597 Confessione.
951 3586 953 3591 ,

195 3661 361 3726 l’risatam
392 3665 617 3730 Confessionam
644 3676 768 3750 propter
783 3708 786 3713 -
799 3676 863 3732 tres
891 3660 1012 3741 causas
1043 3683 1145 3743 omnin

130 3762 302 3828 retinemus.
351 3767 487 3831 Primum
505 3777 537 3833 ut
558 3772 648 3832 rudes
671 3775 873 3835 examinentur
893 3783 929 3838 et
952 3780 1144 3846 instituantur.

112 3867 269 3931 -·Secund0
290 3875 323 3930 ut
338 3846 392 3946 ili,
413 3873 464 3951 qui
481 3873 625 3954 speciales
643 3874 880 3954 perturbationes
896 3885 1144 3949 mararensium
